<!DOCTYPE html><html><head><meta charSet="utf-8"/><meta name="viewport" content="width=device-width, initial-scale=1, minimum-scale=1, maximum-scale=1, viewport-fit=cover, user-scalable=no"/><link rel="stylesheet" href="../../_next/static/css/5daa461e9f2acd13.css" data-precedence="next"/><link rel="stylesheet" href="../../_next/static/css/301e6ae4682e6b6b.css" data-precedence="next"/><link rel="stylesheet" href="../../_next/static/css/b7f7e2f11f5ab5a9.css" data-precedence="next"/><link rel="preload" as="script" fetchPriority="low" href="../../_next/static/chunks/webpack-901f7e2d5755a082.js"/><script src="../../_next/static/chunks/fd9d1056-12c7034d2a06563c.js" async=""></script><script src="../../_next/static/chunks/2117-ac4bccc8331c8ac1.js" async=""></script><script src="../../_next/static/chunks/main-app-fb757dbf2494d41f.js" async=""></script><script src="../../_next/static/chunks/c16f53c3-776433678eb671f2.js" async=""></script><script src="../../_next/static/chunks/d16ac788-a1857d47473362f1.js" async=""></script><script src="../../_next/static/chunks/dc112a36-13217b3351317b65.js" async=""></script><script src="../../_next/static/chunks/2297-39962a2be67aa286.js" async=""></script><script src="../../_next/static/chunks/9138-589e2d7f98ecedbf.js" async=""></script><script src="../../_next/static/chunks/861-7f37fd430b9f53a7.js" async=""></script><script src="../../_next/static/chunks/9640-3542d3445f89d8d5.js" async=""></script><script src="../../_next/static/chunks/7771-f3794ae85af8b82a.js" async=""></script><script src="../../_next/static/chunks/1800-029e13f9e34e45a0.js" async=""></script><script src="../../_next/static/chunks/16-7468296d3dd76c87.js" async=""></script><script src="../../_next/static/chunks/5053-7f0a049cf4747b2f.js" async=""></script><script src="../../_next/static/chunks/5449-0dc03278953f3fec.js" async=""></script><script src="../../_next/static/chunks/3930-0eb1775779fefe6e.js" async=""></script><script src="../../_next/static/chunks/1732-f633fbd17f1e5820.js" async=""></script><script src="../../_next/static/chunks/app/layout-041988fa387a3ec5.js" async=""></script><script src="../../_next/static/chunks/app/error-fba8b79355c2fcd3.js" async=""></script><script src="../../_next/static/chunks/2713-b8a1837d65cef38e.js" async=""></script><script src="../../_next/static/chunks/8896-f69c0a223b7022aa.js" async=""></script><script src="../../_next/static/chunks/651-669306adeae058cf.js" async=""></script><script src="../../_next/static/chunks/4703-dd0122a038939d6d.js" async=""></script><script src="../../_next/static/chunks/2259-253ca8495ecca60f.js" async=""></script><script src="../../_next/static/chunks/3790-4614f673d2c2d6ad.js" async=""></script><script src="../../_next/static/chunks/5057-7eb8b6d9d262a99d.js" async=""></script><script src="../../_next/static/chunks/2948-a7f4c3a074a1e906.js" async=""></script><script src="../../_next/static/chunks/app/fo/event/productListPage.do/page-35660650adf7faa1.js" async=""></script><title>미트박스 :: 1등 고기 직거래</title><link rel="icon" href="../../fstatic/image/common/favicon.ico"/><script src="../../_next/static/chunks/polyfills-42372ed130431b0a.js" noModule=""></script></head><body><script>((e,t,i,n,r,a,s,o)=>{let l=document.documentElement,c=["light","dark"];function u(t){(Array.isArray(e)?e:[e]).forEach(e=>{let i="class"===e,n=i&&a?r.map(e=>a[e]||e):r;i?(l.classList.remove(...n),l.classList.add(a&&a[t]?a[t]:t)):l.setAttribute(e,t)}),p(t)}function p(e){o&&c.includes(e)&&(l.style.colorScheme=e)}function d(){return window.matchMedia("(prefers-color-scheme: dark)").matches?"dark":"light"}if(n)u(n);else try{let e=localStorage.getItem(t)||i,n=s&&"system"===e?d():e;u(n)}catch(e){}})("data-theme","theme","system",null,["light","dark"],null,true,true)</script><header id="header" class=" "><section class="header_wrap __fluid"><div class="top_inner header_inner __fluid"><ul class="customer_service_list flex_all_center gap_12"><li class="p_relative entered_zone_3"><div class="shrink-0"><button class="clear_button top_button " type="button"><div class="p_relative util_item"><span class="dp_i_flex svg_box "><svg width="16" height="16" viewBox="0 0 16 17" fill="none" xmlns="http://www.w3.org/2000/svg"><path d="M7.99998 12.8333C7.86737 12.8333 7.74019 12.8859 7.64643 12.9797C7.55266 13.0735 7.49998 13.2006 7.49998 13.3333C7.49998 13.4659 7.55266 13.593 7.64643 13.6868C7.74019 13.7806 7.86737 13.8333 7.99998 13.8333C8.13259 13.8333 8.25976 13.7806 8.35353 13.6868C8.4473 13.593 8.49998 13.4659 8.49998 13.3333C8.49998 13.2006 8.4473 13.0735 8.35353 12.9797C8.25976 12.8859 8.13259 12.8333 7.99998 12.8333ZM11.6666 7.16659V6.49992C11.6666 5.52746 11.2803 4.59483 10.5927 3.90719C9.90507 3.21956 8.97244 2.83325 7.99998 2.83325C7.02752 2.83325 6.09489 3.21956 5.40725 3.90719C4.71962 4.59483 4.33331 5.52746 4.33331 6.49992V7.16659H5.99998C6.17679 7.16659 6.34636 7.23682 6.47138 7.36185C6.59641 7.48687 6.66665 7.65644 6.66665 7.83325V10.4999C6.66665 10.6767 6.59641 10.8463 6.47138 10.9713C6.34636 11.0963 6.17679 11.1666 5.99998 11.1666H4.33331V11.3333C4.33327 11.7133 4.47751 12.0793 4.73689 12.3571C4.99627 12.6349 5.35145 12.8039 5.73065 12.8299L5.83331 12.8333H6.58531C6.70327 12.4995 6.93543 12.2181 7.24077 12.039C7.54611 11.8598 7.90496 11.7943 8.25388 11.8542C8.60281 11.914 8.91935 12.0953 9.14754 12.3659C9.37574 12.6366 9.5009 12.9792 9.5009 13.3333C9.5009 13.6873 9.37574 14.0299 9.14754 14.3006C8.91935 14.5712 8.60281 14.7525 8.25388 14.8123C7.90496 14.8722 7.54611 14.8067 7.24077 14.6276C6.93543 14.4484 6.70327 14.167 6.58531 13.8333H5.83331C5.19332 13.8333 4.57767 13.5879 4.11319 13.1476C3.64871 12.7073 3.37078 12.1057 3.33665 11.4666L3.33331 11.3333V6.49992C3.33331 5.26224 3.82498 4.07526 4.70015 3.20009C5.57532 2.32492 6.7623 1.83325 7.99998 1.83325C9.23766 1.83325 10.4246 2.32492 11.2998 3.20009C12.175 4.07526 12.6666 5.26224 12.6666 6.49992V9.83325C12.6668 10.1696 12.5397 10.4936 12.311 10.7403C12.0823 10.9869 11.7688 11.138 11.4333 11.1633L11.3333 11.1666H9.99998C9.83669 11.1666 9.67909 11.1066 9.55707 10.9981C9.43504 10.8896 9.35708 10.7401 9.33798 10.5779L9.33331 10.4999V7.83325C9.33333 7.66996 9.39328 7.51236 9.50179 7.39034C9.6103 7.26831 9.75981 7.19036 9.92198 7.17125L9.99998 7.16659H11.6666ZM5.66665 8.16659H4.33331V10.1666H5.66665V8.16659ZM11.6666 8.16659H10.3333V10.1666H11.3333C11.4113 10.1666 11.4869 10.1393 11.5468 10.0893C11.6068 10.0394 11.6473 9.97 11.6613 9.89325L11.6666 9.83325V8.16659Z" fill="#413F3D"></path></svg></span></div><span class="txt_box txt_box">고객센터</span></button></div><div class="p_absolute full_W full_h inset_all_0 pointer_none"></div></li><li><a class="call_center_number">주문 문의 1644-6689</a></li></ul><div class="shrink-0"><button class="clear_button top_button" type="button"><div class="p_relative util_item"></div><span class="txt_box ">회원가입</span></button></div></div><div class="mid_inner header_inner __fluid" style="display:flex;align-items:center;justify-content:space-between"><div style="display:flex;align-items:center;gap:32px"><h1 class="header_logo"><a href="productListPage.do@collectionSeq=11.html#"><img alt="" loading="lazy" width="139" height="32" decoding="async" data-nimg="1" style="color:transparent" src="https://static-cdn.meatbox.co.kr/public/fstatic/icon/common/PC_Logo.svg"/><span class="sr-only">메인 페이지 바로가기</span></a></h1><div class="header_search_wrap " style="width:403px"><input type="text" class="input_header_search" placeholder="상품명 혹은 브랜드 입력" maxLength="20" autoComplete="off" autoCorrect="off" autoCapitalize="off" spellCheck="false" aria-haspopup="listbox" aria-controls="search-layer" name="search" value=""/><div class="button_header_search"><button class="clear_button button_search" type="button"><div class="p_relative util_item"><span class="dp_i_flex svg_box "><svg width="20" height="20" viewBox="0 0 24 24" fill="#fff" xmlns="http://www.w3.org/2000/svg"><g clip-path="url(#clip0_319_1946)"><path d="M4.49941 9.99999C4.49941 8.5413 5.07888 7.14236 6.11032 6.11091C7.14177 5.07947 8.54071 4.5 9.99939 4.5C11.4581 4.5 12.8571 5.07947 13.8885 6.11091C14.92 7.14236 15.4994 8.5413 15.4994 9.99999C15.4994 11.4587 14.92 12.8577 13.8885 13.8891C12.8571 14.9205 11.4581 15.5 9.99939 15.5C8.54071 15.5 7.14177 14.9205 6.11032 13.8891C5.07888 12.8577 4.49941 11.4587 4.49941 9.99999ZM9.99939 3C8.88009 3.00009 7.77708 3.26861 6.78297 3.78303C5.78885 4.29746 4.93257 5.04274 4.28602 5.95646C3.63943 6.87013 3.22138 7.92557 3.06695 9.0342C2.91251 10.1428 3.02619 11.2723 3.39843 12.3279C3.77068 13.3836 4.39064 14.3345 5.20634 15.1011C6.02199 15.8676 7.00959 16.4273 8.08629 16.7333C9.16299 17.0394 10.2974 17.0827 11.3943 16.8597C12.4912 16.6368 13.5186 16.1541 14.3904 15.452L19.7194 20.78C19.7881 20.8537 19.8709 20.9128 19.9629 20.9538C20.0549 20.9948 20.1542 21.0168 20.2549 21.0186C20.3556 21.0204 20.4556 21.0018 20.549 20.9641C20.6424 20.9264 20.7272 20.8703 20.7985 20.799C20.8697 20.7278 20.9258 20.643 20.9635 20.5496C21.0013 20.4562 21.0198 20.3562 21.018 20.2555C21.0162 20.1548 20.9942 20.0555 20.9532 19.9635C20.9122 19.8714 20.8531 19.7886 20.7794 19.72L15.4514 14.391C16.2798 13.3626 16.8004 12.1207 16.953 10.809C17.1056 9.49727 16.8841 8.16913 16.3139 6.97796C15.7438 5.78679 14.8484 4.78119 13.731 4.07727C12.6137 3.37338 11.32 2.99991 9.99939 3Z" fill="#fff"></path></g><defs><clipPath id="clip0_319_1946"><rect width="24" height="24" fill="white"></rect></clipPath></defs></svg></span></div></button></div></div></div><div></div></div><div class="bottom_inner header_inner __fluid"><nav class="header_hamburger p_relative entered_zone_2 z_10"><div class="shrink-0"><button class="clear_button " type="button"><div class="p_relative util_item"><img alt="메뉴버튼" loading="lazy" width="24" height="24" decoding="async" data-nimg="1" style="color:transparent" src="https://static-cdn.meatbox.co.kr/public/fstatic/icon/common/ico_gnb.gif"/></div></button></div><div class="balloon_label black  custom_balloon_position"><span class="txt_box">카테고리</span><span class="angle-pixel left_bottom"></span></div><div class="p_absolute full_W full_h inset_all_min4 pointer_none"></div></nav><ul class="menu_list"><li class="on_mobile"><div class=""><a class="a-primary-menu state_active" href="../../index.html"><span class="txt_box ">홈</span><i class="icon_alarm"><em class="sr-only">알람아이콘</em></i></a></div></li><li class="p_relative entered_zone"><div><div class=""><a class="a-primary-menu menu_dang is_alarm" href="../main/dangDangSeries.do.html"><span class="txt_box ">당당시리즈</span><span class="dp_i_flex svg_box "><svg width="12" height="12" viewBox="0 0 16 16" fill="#232221" xmlns="http://www.w3.org/2000/svg"><path d="M2.86121 5.52872C2.98623 5.40374 3.15576 5.33353 3.33254 5.33353C3.50932 5.33353 3.67885 5.40374 3.80387 5.52872L7.99921 9.72405L12.1945 5.52872C12.256 5.46505 12.3296 5.41426 12.4109 5.37932C12.4923 5.34438 12.5798 5.32599 12.6683 5.32522C12.7568 5.32445 12.8446 5.34132 12.9265 5.37484C13.0084 5.40836 13.0829 5.45786 13.1455 5.52046C13.2081 5.58305 13.2576 5.65749 13.2911 5.73942C13.3246 5.82135 13.3415 5.90914 13.3407 5.99765C13.3399 6.08617 13.3215 6.17365 13.2866 6.25499C13.2517 6.33633 13.2009 6.40989 13.1372 6.47139L8.47054 11.1381C8.34552 11.263 8.17598 11.3332 7.99921 11.3332C7.82243 11.3332 7.65289 11.263 7.52787 11.1381L2.86121 6.47139C2.73623 6.34637 2.66602 6.17683 2.66602 6.00005C2.66602 5.82328 2.73623 5.65374 2.86121 5.52872Z" fill="#232221"></path></svg></span></a></div><div class="p_absolute full_W full_h inset_all_min4 pointer_none mt_16"></div></div></li><li class="p_relative entered_zone"></li><li class="p_relative entered_zone"><div class=""><a class="a-primary-menu is_alarm" href="productList.do@collectionSeq=10.html"><span class="txt_box ">낱개</span></a></div></li><li class="p_relative entered_zone"><div class=""><a class="a-primary-menu is_alarm" href="productList.do@collectionSeq=11.html"><span class="txt_box ">세절</span></a></div></li><li class="p_relative entered_zone"><div class=""><a class="a-primary-menu is_alarm" href="../product/largePurchaseProductListPage.do.html"><span class="txt_box ">대량특가</span></a></div></li><li class="p_relative entered_zone"><div class=""><a class="a-primary-menu is_alarm" href="../product/bestProductList.do.html"><span class="txt_box ">랭킹</span><i class="icon_alarm"><em class="sr-only">알람아이콘</em></i></a></div></li></ul><em class="between_bar"></em><ul class="menu_list sub_menu_list"><li><div class=""><a class="a-primary-menu is_alarm" href="hotEventPage.do.html"><span class="txt_box ">기획전</span></a></div></li><li><div class=""><a class="a-primary-menu is_alarm" href="../main/foodIngredients.do.html"><span class="txt_box ">식자재</span></a></div></li><li><div class=""><a class="a-primary-menu is_alarm" href="productList.do@collectionSeq=9.html"><span class="txt_box ">개인 BEST</span></a></div></li></ul></div></section></header><main id="meatboxContent" class="promotion meatbox_container contents_wrapper"><div class="inner_global"><div class="main_visual_banner"><img alt="https://img-cdn.meatbox.co.kr/web/images/webMainBanner/thumb_webMainBannerImage20250809022043.jpg" loading="lazy" width="0" height="0" decoding="async" data-nimg="1" class="img_box" style="color:transparent;width:100%" src="https://img-cdn.meatbox.co.kr/web/images/webMainBanner/thumb_webMainBannerImage20250809022043.jpg"/><div class="simple_mini_modal promotion_share_button_position"><div class="shrink-0"><button class="clear_button promotion_share_button" type="button"><div class="p_relative util_item"><span class="dp_i_flex svg_box "><svg width="20" height="20" viewBox="0 0 16 16" fill="#232221" xmlns="http://www.w3.org/2000/svg"><path d="M8.35333 1.48C8.25958 1.38636 8.1325 1.33377 8 1.33377C7.8675 1.33377 7.74042 1.38636 7.64667 1.48L4.14667 4.98C4.05835 5.07478 4.01026 5.20014 4.01255 5.32968C4.01484 5.45921 4.06731 5.5828 4.15892 5.67441C4.25053 5.76602 4.37412 5.8185 4.50365 5.82078C4.63319 5.82307 4.75855 5.77498 4.85333 5.68666L7.5 3.04V10.1667C7.5 10.2993 7.55268 10.4264 7.64645 10.5202C7.74022 10.614 7.86739 10.6667 8 10.6667C8.13261 10.6667 8.25979 10.614 8.35355 10.5202C8.44732 10.4264 8.5 10.2993 8.5 10.1667V3.04L11.1467 5.68666C11.1924 5.73579 11.2476 5.77519 11.309 5.80252C11.3703 5.82985 11.4365 5.84454 11.5037 5.84573C11.5708 5.84691 11.6375 5.83456 11.6997 5.80941C11.762 5.78427 11.8185 5.74683 11.866 5.69936C11.9135 5.65188 11.9509 5.59532 11.9761 5.53306C12.0012 5.4708 12.0136 5.40412 12.0124 5.33698C12.0112 5.26985 11.9965 5.20364 11.9692 5.14231C11.9419 5.08097 11.9025 5.02577 11.8533 4.98L8.35333 1.48ZM2.5 7.33333C2.63261 7.33333 2.75979 7.38601 2.85355 7.47978C2.94732 7.57355 3 7.70072 3 7.83333V11.8333C3 12.4773 3.52267 13 4.16667 13H11.8333C12.1428 13 12.4395 12.8771 12.6583 12.6583C12.8771 12.4395 13 12.1427 13 11.8333V7.83333C13 7.70072 13.0527 7.57355 13.1464 7.47978C13.2402 7.38601 13.3674 7.33333 13.5 7.33333C13.6326 7.33333 13.7598 7.38601 13.8536 7.47978C13.9473 7.57355 14 7.70072 14 7.83333V11.8333C14 12.408 13.7717 12.9591 13.3654 13.3654C12.9591 13.7717 12.408 14 11.8333 14H4.16667C3.59203 14 3.04093 13.7717 2.6346 13.3654C2.22827 12.9591 2 12.408 2 11.8333V7.83333C2 7.70072 2.05268 7.57355 2.14645 7.47978C2.24021 7.38601 2.36739 7.33333 2.5 7.33333Z" fill="#232221"></path></svg></span></div></button></div></div></div><div class="mo_px16"><div class="promotion_benifit"></div><div class="padding_block_16"><div class="rows_comm tab_content"><div class="category_tab_filter"><div class="tab_filter_header"><div class="swiper tab-filter-depth1-swiper"><div class="swiper-wrapper"><div class="swiper-slide on_active"><div class="slide-contents"><button class="tab_label none_style_btn full_width" type="button"><span class="dp_i_flex svg_box active_tab_before"><svg width="8" height="7" viewBox="0 0 8 7" fill="none" xmlns="http://www.w3.org/2000/svg"><path d="M7.98828 7.29785H-0.000976562C3.43422 5.86266 6.26162 3.26382 7.98828 -0.00683594V7.29785Z" fill="#F2F4F7"></path></svg></span><span class="dp_i_flex svg_box active_tab_after"><svg width="8" height="7" viewBox="0 0 8 7" fill="none" xmlns="http://www.w3.org/2000/svg"><path id="Subtract" d="M0 7.29785H7.98438C4.55199 5.8637 1.72694 3.26701 0 0V7.29785Z" fill="#F2F4F7"></path></svg></span><span class="tab_txt">우육</span></button></div></div><div class="swiper-slide"><div class="slide-contents"><button class="tab_label none_style_btn full_width" type="button"><span class="dp_i_flex svg_box active_tab_before"><svg width="8" height="7" viewBox="0 0 8 7" fill="none" xmlns="http://www.w3.org/2000/svg"><path d="M7.98828 7.29785H-0.000976562C3.43422 5.86266 6.26162 3.26382 7.98828 -0.00683594V7.29785Z" fill="#F2F4F7"></path></svg></span><span class="dp_i_flex svg_box active_tab_after"><svg width="8" height="7" viewBox="0 0 8 7" fill="none" xmlns="http://www.w3.org/2000/svg"><path id="Subtract" d="M0 7.29785H7.98438C4.55199 5.8637 1.72694 3.26701 0 0V7.29785Z" fill="#F2F4F7"></path></svg></span><span class="tab_txt">돈육</span></button></div></div><div class="swiper-slide"><div class="slide-contents"><button class="tab_label none_style_btn full_width" type="button"><span class="dp_i_flex svg_box active_tab_before"><svg width="8" height="7" viewBox="0 0 8 7" fill="none" xmlns="http://www.w3.org/2000/svg"><path d="M7.98828 7.29785H-0.000976562C3.43422 5.86266 6.26162 3.26382 7.98828 -0.00683594V7.29785Z" fill="#F2F4F7"></path></svg></span><span class="dp_i_flex svg_box active_tab_after"><svg width="8" height="7" viewBox="0 0 8 7" fill="none" xmlns="http://www.w3.org/2000/svg"><path id="Subtract" d="M0 7.29785H7.98438C4.55199 5.8637 1.72694 3.26701 0 0V7.29785Z" fill="#F2F4F7"></path></svg></span><span class="tab_txt">양·닭</span></button></div></div></div></div></div><div class="tab_filter_body "><section class="body_content false"><ul class="item_list"><li class="on_active"><button class="none_style_btn btn_dep2">전체</button><span class="dep2_label">435</span></li><li class=""><button class="none_style_btn btn_dep2">수입소-LA갈비</button><span class="dep2_label">38</span></li><li class=""><button class="none_style_btn btn_dep2">수입소-갈비살/늑간살</button><span class="dep2_label">2</span></li><li class=""><button class="none_style_btn btn_dep2">수입소-갈비살/늑간살(조각)</button><span class="dep2_label">2</span></li><li class=""><button class="none_style_btn btn_dep2">수입소-꼬리</button><span class="dep2_label">6</span></li><li class=""><button class="none_style_btn btn_dep2">수입소-끝목심/넥미트</button><span class="dep2_label">2</span></li><li class=""><button class="none_style_btn btn_dep2">수입소-등갈비/백립</button><span class="dep2_label">4</span></li><li class=""><button class="none_style_btn btn_dep2">수입소-등심추리</button><span class="dep2_label">3</span></li><li class=""><button class="none_style_btn btn_dep2">수입소-목뼈</button><span class="dep2_label">2</span></li><li class=""><button class="none_style_btn btn_dep2">수입소-목심</button><span class="dep2_label">16</span></li><li class=""><button class="none_style_btn btn_dep2">수입소-백립(조각백립)</button><span class="dep2_label">2</span></li><li class=""><button class="none_style_btn btn_dep2">수입소-부채살</button><span class="dep2_label">65</span></li><li class=""><button class="none_style_btn btn_dep2">수입소-뽈살</button><span class="dep2_label">5</span></li><li class=""><button class="none_style_btn btn_dep2">수입소-사골</button><span class="dep2_label">3</span></li><li class=""><button class="none_style_btn btn_dep2">수입소-삼겹양지</button><span class="dep2_label">64</span></li><li class=""><button class="none_style_btn btn_dep2">수입소-설깃</button><span class="dep2_label">10</span></li><li class=""><button class="none_style_btn btn_dep2">수입소-설도</button><span class="dep2_label">8</span></li><li class=""><button class="none_style_btn btn_dep2">수입소-알목심</button><span class="dep2_label">18</span></li></ul></section></div><div class="tab_filter_footer  "><button class="none_style_btn"><span class="txt_comm">더보기</span><span class="dp_i_flex svg_box svg_icon"><svg xmlns="http://www.w3.org/2000/svg" width="12" height="12" viewBox="0 0 12 12" fill="#858B94"><path d="M2.14639 4.14648C2.24016 4.05274 2.36731 4.00009 2.49989 4.00009C2.63248 4.00009 2.75963 4.05274 2.85339 4.14648L5.99989 7.29298L9.14639 4.14648C9.19252 4.09872 9.24769 4.06063 9.30869 4.03443C9.36969 4.00822 9.4353 3.99443 9.50169 3.99385C9.56808 3.99328 9.63392 4.00593 9.69537 4.03107C9.75682 4.05621 9.81264 4.09334 9.85959 4.14028C9.90654 4.18723 9.94366 4.24305 9.9688 4.3045C9.99394 4.36595 10.0066 4.43179 10.006 4.49818C10.0054 4.56457 9.99165 4.63018 9.96544 4.69118C9.93924 4.75218 9.90115 4.80736 9.85339 4.85348L6.35339 8.35348C6.25963 8.44722 6.13248 8.49987 5.99989 8.49987C5.86731 8.49987 5.74016 8.44722 5.64639 8.35348L2.14639 4.85348C2.05266 4.75972 2 4.63256 2 4.49998C2 4.3674 2.05266 4.24024 2.14639 4.14648Z" fill="#858B94"></path></svg></span></button></div></div></div></div></div></div><div class="inner_global"><div class="stack_horizontal gap_32 mt_16"><div><div class="aside_sticky"><div class="flex_1"><section><div class="aside_filter aside_y_scroll" style="max-height:calc(100vh - (82px) + 0px)"><dl class="filter_wrap"><dt class="filter_title"><strong>품목</strong><button type="button" class="btn btn_init btn_toggle_accordion"><span class="dp_i_flex svg_box "><svg width="10" height="10" viewBox="0 0 25 24" fill="none" xmlns="http://www.w3.org/2000/svg"><path d="M20.9607 11H13.9607H11.9607H4.96069L4.84407 11.0067C4.34673 11.0645 3.96069 11.4872 3.96069 12L3.96742 12.1166C4.02519 12.614 4.44786 13 4.96069 13H11.9607H13.9607H20.9607L21.0773 12.9933C21.5747 12.9355 21.9607 12.5128 21.9607 12L21.954 11.8834C21.8962 11.386 21.4735 11 20.9607 11Z" fill="#232221"></path></svg></span></button></dt><dd class="filter_item "><div class="options_area"><div><ul class="options_list"><li><span class="box_choice"><input type="checkbox" id="itemCatCd-itemKindCd-136,A000" class="inp_choice"/><label for="itemCatCd-itemKindCd-136,A000" class="lab_choice"><span class="circle_choice"><span class="ico_choice"></span></span><span class="txt_choice"><span class="txt_l">양지-수입소</span><small class="txt_choice">2</small></span></label></span></li><li><span class="box_choice"><input type="checkbox" id="itemCatCd-itemKindCd-49,A000" class="inp_choice"/><label for="itemCatCd-itemKindCd-49,A000" class="lab_choice"><span class="circle_choice"><span class="ico_choice"></span></span><span class="txt_choice"><span class="txt_l">토시살-수입소</span><small class="txt_choice">3</small></span></label></span></li><li><span class="box_choice"><input type="checkbox" id="itemCatCd-itemKindCd-244,A000" class="inp_choice"/><label for="itemCatCd-itemKindCd-244,A000" class="lab_choice"><span class="circle_choice"><span class="ico_choice"></span></span><span class="txt_choice"><span class="txt_l">갈비살/늑간살(조각)-수입소</span><small class="txt_choice">2</small></span></label></span></li><li><span class="box_choice"><input type="checkbox" id="itemCatCd-itemKindCd-26,A000" class="inp_choice"/><label for="itemCatCd-itemKindCd-26,A000" class="lab_choice"><span class="circle_choice"><span class="ico_choice"></span></span><span class="txt_choice"><span class="txt_l">등갈비/백립-수입소</span><small class="txt_choice">4</small></span></label></span></li><li><span class="box_choice"><input type="checkbox" id="itemCatCd-itemKindCd-106,A000" class="inp_choice"/><label for="itemCatCd-itemKindCd-106,A000" class="lab_choice"><span class="circle_choice"><span class="ico_choice"></span></span><span class="txt_choice"><span class="txt_l">앞/척갈비-수입소</span><small class="txt_choice">9</small></span></label></span></li></ul><button class="btn btn_init btn_more"><span class="txt_box">품목 더보기</span><span class="dp_i_flex svg_box rotate_0"><svg width="12" height="12" viewBox="0 0 12 13" fill="none" xmlns="http://www.w3.org/2000/svg"><path d="M4.14654 2.64652C4.05281 2.74028 4.00015 2.86743 4.00015 3.00002C4.00015 3.1326 4.05281 3.25975 4.14654 3.35352L7.29304 6.50002L4.14654 9.64651C4.09879 9.69264 4.06069 9.74781 4.03449 9.80881C4.00829 9.86981 3.99449 9.93543 3.99392 10.0018C3.99334 10.0682 4.00599 10.134 4.03113 10.1955C4.05627 10.2569 4.0934 10.3128 4.14034 10.3597C4.18729 10.4067 4.24312 10.4438 4.30456 10.4689C4.36601 10.4941 4.43185 10.5067 4.49824 10.5061C4.56463 10.5056 4.63024 10.4918 4.69124 10.4656C4.75224 10.4394 4.80742 10.4013 4.85354 10.3535L8.35354 6.85352C8.44728 6.75975 8.49993 6.6326 8.49993 6.50002C8.49993 6.36743 8.44728 6.24028 8.35354 6.14652L4.85354 2.64652C4.75978 2.55278 4.63262 2.50012 4.50004 2.50012C4.36746 2.50012 4.2403 2.55278 4.14654 2.64652Z" fill="#413F3D"></path></svg></span></button></div></div></dd></dl><dl class="filter_wrap"><dt class="filter_title"><strong>보관방법</strong><button type="button" class="btn btn_init btn_toggle_accordion"><span class="dp_i_flex svg_box "><svg width="10" height="10" viewBox="0 0 25 24" fill="none" xmlns="http://www.w3.org/2000/svg"><path d="M20.9607 11H13.9607H11.9607H4.96069L4.84407 11.0067C4.34673 11.0645 3.96069 11.4872 3.96069 12L3.96742 12.1166C4.02519 12.614 4.44786 13 4.96069 13H11.9607H13.9607H20.9607L21.0773 12.9933C21.5747 12.9355 21.9607 12.5128 21.9607 12L21.954 11.8834C21.8962 11.386 21.4735 11 20.9607 11Z" fill="#232221"></path></svg></span></button></dt><dd class="filter_item "><div class="options_area"><div><div class="options_list flex_wrap_list"><button type="button" class="btn btn_init btn_outline_round--type1 "><span class="dp_i_flex svg_box "><svg width="12" height="12" viewBox="0 0 12 12" fill="none" xmlns="http://www.w3.org/2000/svg"><path d="M5.875 1C5.97446 1 6.06984 1.03951 6.14016 1.10983C6.21049 1.18016 6.25 1.27554 6.25 1.375V2.9525L7.3165 1.8855C7.35133 1.85067 7.39269 1.82304 7.4382 1.80418C7.48371 1.78533 7.53249 1.77563 7.58175 1.77563C7.63101 1.77563 7.67979 1.78533 7.7253 1.80418C7.77081 1.82304 7.81217 1.85067 7.847 1.8855C7.88183 1.92033 7.90946 1.96169 7.92832 2.0072C7.94717 2.05271 7.95687 2.10149 7.95687 2.15075C7.95687 2.20001 7.94717 2.24879 7.92832 2.2943C7.90946 2.33981 7.88183 2.38117 7.847 2.416L6.25 4.013V5.5H7.737L9.334 3.903C9.40509 3.83676 9.49911 3.8007 9.59626 3.80241C9.69341 3.80413 9.7861 3.84348 9.85481 3.91219C9.92352 3.9809 9.96287 4.07359 9.96459 4.17074C9.9663 4.26789 9.93024 4.36191 9.864 4.433L8.798 5.5H10.3755C10.475 5.5 10.5703 5.53951 10.6407 5.60984C10.711 5.68016 10.7505 5.77554 10.7505 5.875C10.7505 5.97446 10.711 6.06984 10.6407 6.14016C10.5703 6.21049 10.475 6.25 10.3755 6.25H8.798L9.865 7.3165C9.89983 7.35133 9.92746 7.39269 9.94632 7.4382C9.96517 7.48371 9.97487 7.53249 9.97487 7.58175C9.97487 7.63101 9.96517 7.67979 9.94632 7.7253C9.92746 7.77081 9.89983 7.81217 9.865 7.847C9.83017 7.88183 9.78881 7.90946 9.7433 7.92832C9.69779 7.94717 9.64901 7.95687 9.59975 7.95687C9.55049 7.95687 9.50171 7.94717 9.4562 7.92832C9.41069 7.90946 9.36933 7.88183 9.3345 7.847L7.737 6.25H6.25V7.737L7.847 9.334C7.91324 9.40509 7.9493 9.49911 7.94759 9.59626C7.94587 9.69341 7.90652 9.7861 7.83781 9.85481C7.7691 9.92352 7.67641 9.96287 7.57926 9.96459C7.48211 9.9663 7.38809 9.93024 7.317 9.864L6.25 8.798V10.3755C6.25 10.475 6.21049 10.5703 6.14016 10.6407C6.06984 10.711 5.97446 10.7505 5.875 10.7505C5.77554 10.7505 5.68016 10.711 5.60984 10.6407C5.53951 10.5703 5.5 10.475 5.5 10.3755V8.798L4.4335 9.865C4.39867 9.89983 4.35731 9.92746 4.3118 9.94632C4.26629 9.96517 4.21751 9.97487 4.16825 9.97487C4.11899 9.97487 4.07021 9.96517 4.0247 9.94632C3.97919 9.92746 3.93783 9.89983 3.903 9.865C3.86817 9.83017 3.84054 9.78881 3.82168 9.7433C3.80283 9.69779 3.79313 9.64901 3.79313 9.59975C3.79313 9.55049 3.80283 9.50171 3.82168 9.4562C3.84054 9.41069 3.86817 9.36933 3.903 9.3345L5.5 7.737V6.25H4.013L2.416 7.847C2.34491 7.91324 2.25089 7.9493 2.15374 7.94759C2.05659 7.94587 1.9639 7.90652 1.89519 7.83781C1.82648 7.7691 1.78713 7.67641 1.78541 7.57926C1.7837 7.48211 1.81976 7.38809 1.886 7.317L2.952 6.25H1.375C1.27554 6.25 1.18016 6.21049 1.10983 6.14016C1.03951 6.06984 1 5.97446 1 5.875C1 5.77554 1.03951 5.68016 1.10983 5.60984C1.18016 5.53951 1.27554 5.5 1.375 5.5H2.9525L1.885 4.4335C1.81465 4.36315 1.77513 4.26774 1.77513 4.16825C1.77513 4.06876 1.81465 3.97335 1.885 3.903C1.95535 3.83265 2.05076 3.79313 2.15025 3.79313C2.24974 3.79313 2.34515 3.83265 2.4155 3.903L4.013 5.5H5.5V4.013L3.903 2.416C3.86616 2.38167 3.83661 2.34027 3.81611 2.29427C3.79561 2.24827 3.78459 2.19861 3.7837 2.14826C3.78282 2.09791 3.79208 2.0479 3.81094 2.0012C3.8298 1.95451 3.85787 1.91209 3.89348 1.87648C3.92909 1.84087 3.97151 1.8128 4.0182 1.79394C4.0649 1.77508 4.11491 1.76582 4.16526 1.7667C4.21561 1.76759 4.26527 1.77861 4.31127 1.79911C4.35727 1.81961 4.39867 1.84916 4.433 1.886L5.5 2.952V1.375C5.5 1.27554 5.53951 1.18016 5.60984 1.10983C5.68016 1.03951 5.77554 1 5.875 1Z" fill="#318CF7"></path></svg></span><span class="txt_box">냉동</span></button><button type="button" class="btn btn_init btn_outline_round--type1 "><span class="dp_i_flex svg_box "><svg width="12" height="12" viewBox="0 0 12 12" fill="none" xmlns="http://www.w3.org/2000/svg"><path d="M5.735 1.10967C5.80531 1.03944 5.90062 1 6 1C6.09938 1 6.19469 1.03944 6.265 1.10967C6.4665 1.31117 7.2645 2.17317 8.0145 3.29067C8.7545 4.39217 9.5 5.81717 9.5 7.12467C9.5 8.38667 9.127 9.36417 8.478 10.0277C7.8295 10.6897 6.9445 10.9997 6 10.9997C5.0555 10.9997 4.1705 10.6902 3.522 10.0277C2.873 9.36417 2.5 8.38667 2.5 7.12467C2.5 5.81717 3.246 4.39217 3.9855 3.29067C4.7355 2.17317 5.5335 1.31067 5.735 1.10967ZM4.608 3.70867C3.879 4.79467 3.25 6.05717 3.25 7.12467C3.25 8.23767 3.5765 9.01017 4.0585 9.50317C4.541 9.99667 5.2185 10.2497 6 10.2497C6.781 10.2497 7.459 9.99667 7.9415 9.50317C8.4235 9.01017 8.75 8.23817 8.75 7.12467C8.75 6.05717 8.121 4.79467 7.392 3.70867C6.96941 3.08251 6.50431 2.4861 6 1.92367C5.49569 2.4861 5.03059 3.08251 4.608 3.70867Z" fill="#12A139"></path></svg></span><span class="txt_box">냉장</span></button></div></div></div></dd></dl><dl class="filter_wrap"><dt class="filter_title"><strong>축종</strong><button type="button" class="btn btn_init btn_toggle_accordion"><span class="dp_i_flex svg_box "><svg width="10" height="10" viewBox="0 0 25 24" fill="none" xmlns="http://www.w3.org/2000/svg"><path d="M20.9607 11H13.9607H11.9607H4.96069L4.84407 11.0067C4.34673 11.0645 3.96069 11.4872 3.96069 12L3.96742 12.1166C4.02519 12.614 4.44786 13 4.96069 13H11.9607H13.9607H20.9607L21.0773 12.9933C21.5747 12.9355 21.9607 12.5128 21.9607 12L21.954 11.8834C21.8962 11.386 21.4735 11 20.9607 11Z" fill="#232221"></path></svg></span></button></dt><dd class="filter_item "><div class="options_area"><div><ul class="options_list"><li><span class="box_choice"><input type="checkbox" id="itemKindCd-A000" class="inp_choice"/><label for="itemKindCd-A000" class="lab_choice"><span class="circle_choice"><span class="ico_choice"></span></span><span class="txt_choice"><span class="txt_l">수입소</span><small class="txt_choice">408</small></span></label></span></li><li><span class="box_choice"><input type="checkbox" id="itemKindCd-D000" class="inp_choice"/><label for="itemKindCd-D000" class="lab_choice"><span class="circle_choice"><span class="ico_choice"></span></span><span class="txt_choice"><span class="txt_l">한우암소</span><small class="txt_choice">10</small></span></label></span></li><li><span class="box_choice"><input type="checkbox" id="itemKindCd-E000" class="inp_choice"/><label for="itemKindCd-E000" class="lab_choice"><span class="circle_choice"><span class="ico_choice"></span></span><span class="txt_choice"><span class="txt_l">한우거세</span><small class="txt_choice">17</small></span></label></span></li></ul></div></div></dd></dl><dl class="filter_wrap"><dt class="filter_title"><strong>원산지</strong><button type="button" class="btn btn_init btn_toggle_accordion"><span class="dp_i_flex svg_box "><svg width="10" height="10" viewBox="0 0 25 24" fill="none" xmlns="http://www.w3.org/2000/svg"><path d="M20.9607 11H13.9607H11.9607H4.96069L4.84407 11.0067C4.34673 11.0645 3.96069 11.4872 3.96069 12L3.96742 12.1166C4.02519 12.614 4.44786 13 4.96069 13H11.9607H13.9607H20.9607L21.0773 12.9933C21.5747 12.9355 21.9607 12.5128 21.9607 12L21.954 11.8834C21.8962 11.386 21.4735 11 20.9607 11Z" fill="#232221"></path></svg></span></button></dt><dd class="filter_item "><div class="options_area"><div><ul class="options_list"><li><span class="box_choice"><input type="checkbox" id="originCd-E005" class="inp_choice"/><label for="originCd-E005" class="lab_choice"><span class="circle_choice"><span class="ico_choice"></span></span><span class="txt_choice"><span class="txt_l">뉴질랜드</span><small class="txt_choice">2</small></span></label></span></li><li><span class="box_choice"><input type="checkbox" id="originCd-E012" class="inp_choice"/><label for="originCd-E012" class="lab_choice"><span class="circle_choice"><span class="ico_choice"></span></span><span class="txt_choice"><span class="txt_l">멕시코</span><small class="txt_choice">1</small></span></label></span></li><li><span class="box_choice"><input type="checkbox" id="originCd-E001" class="inp_choice"/><label for="originCd-E001" class="lab_choice"><span class="circle_choice"><span class="ico_choice"></span></span><span class="txt_choice"><span class="txt_l">국산</span><small class="txt_choice">27</small></span></label></span></li><li><span class="box_choice"><input type="checkbox" id="originCd-E002" class="inp_choice"/><label for="originCd-E002" class="lab_choice"><span class="circle_choice"><span class="ico_choice"></span></span><span class="txt_choice"><span class="txt_l">미국</span><small class="txt_choice">204</small></span></label></span></li><li><span class="box_choice"><input type="checkbox" id="originCd-E003" class="inp_choice"/><label for="originCd-E003" class="lab_choice"><span class="circle_choice"><span class="ico_choice"></span></span><span class="txt_choice"><span class="txt_l">호주</span><small class="txt_choice">198</small></span></label></span></li></ul><button class="btn btn_init btn_more"><span class="txt_box">원산지 더보기</span><span class="dp_i_flex svg_box rotate_0"><svg width="12" height="12" viewBox="0 0 12 13" fill="none" xmlns="http://www.w3.org/2000/svg"><path d="M4.14654 2.64652C4.05281 2.74028 4.00015 2.86743 4.00015 3.00002C4.00015 3.1326 4.05281 3.25975 4.14654 3.35352L7.29304 6.50002L4.14654 9.64651C4.09879 9.69264 4.06069 9.74781 4.03449 9.80881C4.00829 9.86981 3.99449 9.93543 3.99392 10.0018C3.99334 10.0682 4.00599 10.134 4.03113 10.1955C4.05627 10.2569 4.0934 10.3128 4.14034 10.3597C4.18729 10.4067 4.24312 10.4438 4.30456 10.4689C4.36601 10.4941 4.43185 10.5067 4.49824 10.5061C4.56463 10.5056 4.63024 10.4918 4.69124 10.4656C4.75224 10.4394 4.80742 10.4013 4.85354 10.3535L8.35354 6.85352C8.44728 6.75975 8.49993 6.6326 8.49993 6.50002C8.49993 6.36743 8.44728 6.24028 8.35354 6.14652L4.85354 2.64652C4.75978 2.55278 4.63262 2.50012 4.50004 2.50012C4.36746 2.50012 4.2403 2.55278 4.14654 2.64652Z" fill="#413F3D"></path></svg></span></button></div></div></dd></dl><dl class="filter_wrap"><dt class="filter_title"><strong>브랜드</strong><button type="button" class="btn btn_init btn_toggle_accordion"><span class="dp_i_flex svg_box "><svg width="10" height="10" viewBox="0 0 25 24" fill="none" xmlns="http://www.w3.org/2000/svg"><path d="M20.9607 11H13.9607H11.9607H4.96069L4.84407 11.0067C4.34673 11.0645 3.96069 11.4872 3.96069 12L3.96742 12.1166C4.02519 12.614 4.44786 13 4.96069 13H11.9607H13.9607H20.9607L21.0773 12.9933C21.5747 12.9355 21.9607 12.5128 21.9607 12L21.954 11.8834C21.8962 11.386 21.4735 11 20.9607 11Z" fill="#232221"></path></svg></span></button></dt><dd class="filter_item "><div class="options_area"><div><ul class="options_list"><li><span class="box_choice"><input type="checkbox" id="brandCd-C986" class="inp_choice"/><label for="brandCd-C986" class="lab_choice"><span class="circle_choice"><span class="ico_choice"></span></span><span class="txt_choice"><span class="txt_l">당당한컷(소)</span><small class="txt_choice">20</small></span></label></span></li><li><span class="box_choice"><input type="checkbox" id="brandCd-C821" class="inp_choice"/><label for="brandCd-C821" class="lab_choice"><span class="circle_choice"><span class="ico_choice"></span></span><span class="txt_choice"><span class="txt_l">스위프트(블랙앵거스)</span><small class="txt_choice">11</small></span></label></span></li><li><span class="box_choice"><input type="checkbox" id="brandCd-C722" class="inp_choice"/><label for="brandCd-C722" class="lab_choice"><span class="circle_choice"><span class="ico_choice"></span></span><span class="txt_choice"><span class="txt_l">신선P&amp;F</span><small class="txt_choice">6</small></span></label></span></li><li><span class="box_choice"><input type="checkbox" id="brandCd-C028" class="inp_choice"/><label for="brandCd-C028" class="lab_choice"><span class="circle_choice"><span class="ico_choice"></span></span><span class="txt_choice"><span class="txt_l">얼라이언스</span><small class="txt_choice">2</small></span></label></span></li><li><span class="box_choice"><input type="checkbox" id="brandCd-C048" class="inp_choice"/><label for="brandCd-C048" class="lab_choice"><span class="circle_choice"><span class="ico_choice"></span></span><span class="txt_choice"><span class="txt_l">티스</span><small class="txt_choice">12</small></span></label></span></li></ul><button class="btn btn_init btn_more"><span class="txt_box">브랜드 더보기</span><span class="dp_i_flex svg_box rotate_0"><svg width="12" height="12" viewBox="0 0 12 13" fill="none" xmlns="http://www.w3.org/2000/svg"><path d="M4.14654 2.64652C4.05281 2.74028 4.00015 2.86743 4.00015 3.00002C4.00015 3.1326 4.05281 3.25975 4.14654 3.35352L7.29304 6.50002L4.14654 9.64651C4.09879 9.69264 4.06069 9.74781 4.03449 9.80881C4.00829 9.86981 3.99449 9.93543 3.99392 10.0018C3.99334 10.0682 4.00599 10.134 4.03113 10.1955C4.05627 10.2569 4.0934 10.3128 4.14034 10.3597C4.18729 10.4067 4.24312 10.4438 4.30456 10.4689C4.36601 10.4941 4.43185 10.5067 4.49824 10.5061C4.56463 10.5056 4.63024 10.4918 4.69124 10.4656C4.75224 10.4394 4.80742 10.4013 4.85354 10.3535L8.35354 6.85352C8.44728 6.75975 8.49993 6.6326 8.49993 6.50002C8.49993 6.36743 8.44728 6.24028 8.35354 6.14652L4.85354 2.64652C4.75978 2.55278 4.63262 2.50012 4.50004 2.50012C4.36746 2.50012 4.2403 2.55278 4.14654 2.64652Z" fill="#413F3D"></path></svg></span></button></div></div></dd></dl><dl class="filter_wrap"><dt class="filter_title"><strong>평점</strong><button type="button" class="btn btn_init btn_toggle_accordion"><span class="dp_i_flex svg_box "><svg width="10" height="10" viewBox="0 0 25 24" fill="none" xmlns="http://www.w3.org/2000/svg"><path d="M20.9607 11H13.9607H11.9607H4.96069L4.84407 11.0067C4.34673 11.0645 3.96069 11.4872 3.96069 12L3.96742 12.1166C4.02519 12.614 4.44786 13 4.96069 13H11.9607H13.9607H20.9607L21.0773 12.9933C21.5747 12.9355 21.9607 12.5128 21.9607 12L21.954 11.8834C21.8962 11.386 21.4735 11 20.9607 11Z" fill="#232221"></path></svg></span></button></dt><dd class="filter_item "><div class="options_area"><div><ul class="options_list"><button type="button" class="btn btn_init btn_outline_round--type1 "><span class="dp_i_flex svg_box "><svg width="12" height="12" viewBox="0 0 16 17" fill="none" xmlns="http://www.w3.org/2000/svg"><path d="M3.91761 15.2225C4.16353 15.4174 4.47604 15.3483 4.84825 15.0654L8.02416 12.6269L11.2062 15.0654C11.5784 15.3483 11.8845 15.4174 12.1369 15.2225C12.3828 15.0276 12.4371 14.7071 12.287 14.2483L11.032 10.3393L14.2382 7.92602C14.6104 7.64956 14.7605 7.36023 14.6644 7.04624C14.5684 6.74457 14.2861 6.59361 13.8239 6.60004L9.89133 6.62498L8.69659 2.6972C8.55262 2.23224 8.33668 1.99976 8.02416 1.99976C7.71804 1.99976 7.50184 2.23224 7.35762 2.6972L6.16288 6.62498L2.23052 6.60004C1.76815 6.59361 1.48611 6.74457 1.39005 7.04624C1.28784 7.3605 1.44384 7.64956 1.81631 7.92602L5.02218 10.3393L3.7675 14.2483C3.61739 14.7071 3.67144 15.0276 3.91761 15.2225Z" fill="#000000"></path></svg></span><span class="txt_box">4점 이상</span></button></ul></div></div></dd></dl><dl class="filter_wrap"><dt class="filter_title"><strong>배송</strong><button type="button" class="btn btn_init btn_toggle_accordion"><span class="dp_i_flex svg_box "><svg width="10" height="10" viewBox="0 0 25 24" fill="none" xmlns="http://www.w3.org/2000/svg"><path d="M20.9607 11H13.9607H11.9607H4.96069L4.84407 11.0067C4.34673 11.0645 3.96069 11.4872 3.96069 12L3.96742 12.1166C4.02519 12.614 4.44786 13 4.96069 13H11.9607H13.9607H20.9607L21.0773 12.9933C21.5747 12.9355 21.9607 12.5128 21.9607 12L21.954 11.8834C21.8962 11.386 21.4735 11 20.9607 11Z" fill="#232221"></path></svg></span></button></dt><dd class="filter_item "><div class="options_area"><div><ul class="options_list"><li><span class="box_choice"><input type="checkbox" id="deliveryTypeCd-DTP08" class="inp_choice"/><label for="deliveryTypeCd-DTP08" class="lab_choice"><span class="circle_choice"><span class="ico_choice"></span></span><span class="txt_area_label label--deliveryMeatmart"><span class="label__text">육마트배송</span></span><span class="txt_choice"><small class="txt_choice">29</small></span></label></span></li><li><span class="box_choice"><input type="checkbox" id="deliveryTypeCd-DTP01" class="inp_choice"/><label for="deliveryTypeCd-DTP01" class="lab_choice"><span class="circle_choice"><span class="ico_choice"></span></span><span class="txt_area_label label--freshPack"><span class="label__text">신선배송</span></span><span class="txt_choice"><small class="txt_choice">291</small></span></label></span></li><li><span class="box_choice"><input type="checkbox" id="deliveryTypeCd-DTP04" class="inp_choice"/><label for="deliveryTypeCd-DTP04" class="lab_choice"><span class="circle_choice"><span class="ico_choice"></span></span><span class="txt_choice"><span class="txt_l">택배</span><small class="txt_choice">115</small></span></label></span></li></ul></div></div></dd></dl><dl class="filter_wrap"><dt class="filter_title"><strong>제주도 배송</strong><button type="button" class="btn btn_init btn_toggle_accordion"><span class="dp_i_flex svg_box "><svg width="10" height="10" viewBox="0 0 25 24" fill="none" xmlns="http://www.w3.org/2000/svg"><path d="M20.9607 11H13.9607H11.9607H4.96069L4.84407 11.0067C4.34673 11.0645 3.96069 11.4872 3.96069 12L3.96742 12.1166C4.02519 12.614 4.44786 13 4.96069 13H11.9607H13.9607H20.9607L21.0773 12.9933C21.5747 12.9355 21.9607 12.5128 21.9607 12L21.954 11.8834C21.8962 11.386 21.4735 11 20.9607 11Z" fill="#232221"></path></svg></span></button></dt><dd class="filter_item "><div class="options_area"><div><ul class="options_list"><li><span class="box_choice"><input type="checkbox" id="jejuAreaGbn-N" class="inp_choice"/><label for="jejuAreaGbn-N" class="lab_choice"><span class="circle_choice"><span class="ico_choice"></span></span><span class="txt_choice"><span class="txt_l">제주도 배송 가능</span><small class="txt_choice">311</small></span></label></span></li></ul></div></div></dd></dl><dl class="filter_wrap"><dt class="filter_title"><strong>선물</strong><button type="button" class="btn btn_init btn_toggle_accordion"><span class="dp_i_flex svg_box "><svg width="10" height="10" viewBox="0 0 25 24" fill="none" xmlns="http://www.w3.org/2000/svg"><path d="M20.9607 11H13.9607H11.9607H4.96069L4.84407 11.0067C4.34673 11.0645 3.96069 11.4872 3.96069 12L3.96742 12.1166C4.02519 12.614 4.44786 13 4.96069 13H11.9607H13.9607H20.9607L21.0773 12.9933C21.5747 12.9355 21.9607 12.5128 21.9607 12L21.954 11.8834C21.8962 11.386 21.4735 11 20.9607 11Z" fill="#232221"></path></svg></span></button></dt><dd class="filter_item "><div class="options_area"><div><ul class="options_list"><li><span class="box_choice"><input type="checkbox" id="presentYn-Y" class="inp_choice"/><label for="presentYn-Y" class="lab_choice"><span class="circle_choice"><span class="ico_choice"></span></span><span class="txt_choice"><span class="txt_l">선물 가능</span><small class="txt_choice">115</small></span></label></span></li></ul></div></div></dd></dl><dl class="filter_wrap"><dt class="filter_title"><strong>식품 인증</strong><button type="button" class="btn btn_init btn_toggle_accordion"><span class="dp_i_flex svg_box "><svg width="10" height="10" viewBox="0 0 25 24" fill="none" xmlns="http://www.w3.org/2000/svg"><path d="M20.9607 11H13.9607H11.9607H4.96069L4.84407 11.0067C4.34673 11.0645 3.96069 11.4872 3.96069 12L3.96742 12.1166C4.02519 12.614 4.44786 13 4.96069 13H11.9607H13.9607H20.9607L21.0773 12.9933C21.5747 12.9355 21.9607 12.5128 21.9607 12L21.954 11.8834C21.8962 11.386 21.4735 11 20.9607 11Z" fill="#232221"></path></svg></span></button></dt><dd class="filter_item "><div class="options_area"><div><ul class="options_list"><li><span class="box_choice"><input type="checkbox" id="markCert1Yn-Y" class="inp_choice"/><label for="markCert1Yn-Y" class="lab_choice"><span class="circle_choice"><span class="ico_choice"></span></span><span class="txt_choice"><span class="txt_l">HACCP</span><small class="txt_choice">418</small></span></label></span></li><li><span class="box_choice"><input type="checkbox" id="markCert3Yn-Y" class="inp_choice"/><label for="markCert3Yn-Y" class="lab_choice"><span class="circle_choice"><span class="ico_choice"></span></span><span class="txt_choice"><span class="txt_l">HALAL</span><small class="txt_choice">5</small></span></label></span></li></ul></div></div></dd></dl></div></section></div></div></div><div id="mainAreaWrapper" class="max_w_1280 px_16"><div id="SortingFilterContainer" class="sorting_button_wrap none_under_line"><div class="sorting_btn_list"><li><div class="shrink-0"><button class="clear_button button_sort  active" type="button"><div class="p_relative util_item"></div><span class="txt_box txt_box">추천순</span></button></div><span style="position:relative;display:inline-block;margin-left:8px" role="button" tabindex="0"><button class="clear_button" type="button"><span class="dp_i_flex svg_box "><svg width="16" height="16" viewBox="0 0 16 16" fill="none" xmlns="http://www.w3.org/2000/svg"><path d="M8.00022 1.33264C11.6827 1.33264 14.6679 4.31787 14.6679 8.00034C14.6679 11.6828 11.6827 14.668 8.00022 14.668C4.31775 14.668 1.33252 11.6828 1.33252 8.00034C1.33252 4.31787 4.31775 1.33264 8.00022 1.33264ZM8.00022 2.33264C4.87004 2.33264 2.33252 4.87016 2.33252 8.00034C2.33252 11.1305 4.87004 13.668 8.00022 13.668C11.1304 13.668 13.6679 11.1305 13.6679 8.00034C13.6679 4.87016 11.1304 2.33264 8.00022 2.33264ZM7.99779 6.9997C8.25092 6.99953 8.46024 7.1875 8.49351 7.43153L8.49812 7.49937L8.50052 11.1671C8.5007 11.4432 8.27699 11.6672 8.00084 11.6674C7.74771 11.6676 7.53839 11.4796 7.50513 11.2356L7.50052 11.1678L7.49812 7.50002C7.49794 7.22388 7.72165 6.99988 7.99779 6.9997ZM8.00052 4.66785C8.36822 4.66785 8.66629 4.96593 8.66629 5.33363C8.66629 5.70133 8.36822 5.9994 8.00052 5.9994C7.63282 5.9994 7.33474 5.70133 7.33474 5.33363C7.33474 4.96593 7.63282 4.66785 8.00052 4.66785Z" fill="#858B94"></path></svg></span></button></span></li><li><div class="shrink-0"><button class="clear_button button_sort " type="button"><div class="p_relative util_item"></div><span class="txt_box txt_box">낮은 가격순</span></button></div></li><li><div class="shrink-0"><button class="clear_button button_sort " type="button"><div class="p_relative util_item"></div><span class="txt_box txt_box">높은 가격순</span></button></div></li><li><div class="shrink-0"><button class="clear_button button_sort " type="button"><div class="p_relative util_item"></div><span class="txt_box txt_box">판매 많은순</span></button></div></li></div><span class="category_total">총 <em>435</em>개의 상품</span><div class="box_filter_search"><button class="button-search-icon" type="button"><span class="dp_i_flex svg_box "><svg width="16" height="16" viewBox="0 0 24 24" fill="#BABEC4" xmlns="http://www.w3.org/2000/svg"><g clip-path="url(#clip0_319_1946)"><path d="M4.49941 9.99999C4.49941 8.5413 5.07888 7.14236 6.11032 6.11091C7.14177 5.07947 8.54071 4.5 9.99939 4.5C11.4581 4.5 12.8571 5.07947 13.8885 6.11091C14.92 7.14236 15.4994 8.5413 15.4994 9.99999C15.4994 11.4587 14.92 12.8577 13.8885 13.8891C12.8571 14.9205 11.4581 15.5 9.99939 15.5C8.54071 15.5 7.14177 14.9205 6.11032 13.8891C5.07888 12.8577 4.49941 11.4587 4.49941 9.99999ZM9.99939 3C8.88009 3.00009 7.77708 3.26861 6.78297 3.78303C5.78885 4.29746 4.93257 5.04274 4.28602 5.95646C3.63943 6.87013 3.22138 7.92557 3.06695 9.0342C2.91251 10.1428 3.02619 11.2723 3.39843 12.3279C3.77068 13.3836 4.39064 14.3345 5.20634 15.1011C6.02199 15.8676 7.00959 16.4273 8.08629 16.7333C9.16299 17.0394 10.2974 17.0827 11.3943 16.8597C12.4912 16.6368 13.5186 16.1541 14.3904 15.452L19.7194 20.78C19.7881 20.8537 19.8709 20.9128 19.9629 20.9538C20.0549 20.9948 20.1542 21.0168 20.2549 21.0186C20.3556 21.0204 20.4556 21.0018 20.549 20.9641C20.6424 20.9264 20.7272 20.8703 20.7985 20.799C20.8697 20.7278 20.9258 20.643 20.9635 20.5496C21.0013 20.4562 21.0198 20.3562 21.018 20.2555C21.0162 20.1548 20.9942 20.0555 20.9532 19.9635C20.9122 19.8714 20.8531 19.7886 20.7794 19.72L15.4514 14.391C16.2798 13.3626 16.8004 12.1207 16.953 10.809C17.1056 9.49727 16.8841 8.16913 16.3139 6.97796C15.7438 5.78679 14.8484 4.78119 13.731 4.07727C12.6137 3.37338 11.32 2.99991 9.99939 3Z" fill="#BABEC4"></path></g><defs><clipPath id="clip0_319_1946"><rect width="24" height="24" fill="white"></rect></clipPath></defs></svg></span></button><input type="text" id="search" class="tf_category_search" placeholder="상품명으로 검색해주세요." name="search" value=""/></div></div><div class="thin_gray_rounded_box type4 px_16 py_24 none_border"><div style="position:relative"><article class="list_5_cols"><div class="swiper-slide"><div class="bgInherit" style="cursor:pointer"><div role="button" class="product_card type1 stack_vertical false"><div class="img_wrap"><div class="bg_wrap"><p class="absolute_full"><img alt="상품_섬네일_이미지" loading="lazy" width="500" height="500" decoding="async" data-nimg="1" class="full_image" style="color:transparent" src="https://img-cdn.meatbox.co.kr/m/images/itemImage/2025/07/03/16/37/mo_thumb_productThumbnail_139751_20250703163717.jpg"/></p><div class="label_area" style="cursor:pointer"><div class="none_style_btn cart_button"><button class="clear_button " type="button"><div class="p_relative util_item"><span class="dp_i_flex svg_box "><svg width="32" height="32" viewBox="0 0 32 32" fill="none" xmlns="http://www.w3.org/2000/svg"><path d="M0 16C0 7.16344 7.16344 0 16 0C24.8366 0 32 7.16344 32 16C32 24.8366 24.8366 32 16 32C7.16344 32 0 24.8366 0 16Z" fill="#232221" fill-opacity="0.5"></path><path fill-rule="evenodd" clip-rule="evenodd" d="M8.32286 7.90084C8.65386 7.80292 9.00157 7.99187 9.09949 8.32286L9.55871 9.87516H21.7702C23.3041 9.87516 24.4742 11.305 24.0321 12.8005L22.6537 17.4672C22.359 18.4613 21.4274 19.1252 20.3918 19.1252H12.7602C11.7241 19.1252 10.7914 18.4613 10.4975 17.4674L7.90084 8.67746C7.80292 8.34647 7.99187 7.99876 8.32286 7.90084ZM9.92806 11.1252L11.6962 17.1129C11.8256 17.5507 12.2513 17.8752 12.7602 17.8752H20.3918C20.8994 17.8752 21.3246 17.5519 21.455 17.1129L22.8333 12.4465C23.0209 11.8121 22.5328 11.1252 21.7702 11.1252H9.92806ZM11.7577 20.9243C12.1093 20.5727 12.5862 20.3752 13.0835 20.3752C13.5808 20.3752 14.0577 20.5727 14.4093 20.9243C14.761 21.276 14.9585 21.7529 14.9585 22.2502C14.9585 22.7474 14.761 23.2244 14.4093 23.576C14.0577 23.9276 13.5808 24.1252 13.0835 24.1252C12.5862 24.1252 12.1093 23.9276 11.7577 23.576C11.406 23.2244 11.2085 22.7474 11.2085 22.2502C11.2085 21.7529 11.406 21.276 11.7577 20.9243ZM13.0835 21.6252C12.9177 21.6252 12.7588 21.691 12.6416 21.8082C12.5243 21.9254 12.4585 22.0844 12.4585 22.2502C12.4585 22.4159 12.5243 22.5749 12.6416 22.6921C12.7588 22.8093 12.9177 22.8752 13.0835 22.8752C13.2493 22.8752 13.4082 22.8093 13.5254 22.6921C13.6426 22.5749 13.7085 22.4159 13.7085 22.2502C13.7085 22.0844 13.6426 21.9254 13.5254 21.8082C13.4082 21.691 13.2493 21.6252 13.0835 21.6252ZM18.4243 20.9243C18.776 20.5727 19.2529 20.3752 19.7502 20.3752C20.2474 20.3752 20.7244 20.5727 21.076 20.9243C21.4276 21.276 21.6252 21.7529 21.6252 22.2502C21.6252 22.7474 21.4276 23.2244 21.076 23.576C20.7244 23.9276 20.2474 24.1252 19.7502 24.1252C19.2529 24.1252 18.776 23.9276 18.4243 23.576C18.0727 23.2244 17.8752 22.7474 17.8752 22.2502C17.8752 21.7529 18.0727 21.276 18.4243 20.9243ZM19.7502 21.6252C19.5844 21.6252 19.4254 21.691 19.3082 21.8082C19.191 21.9254 19.1252 22.0844 19.1252 22.2502C19.1252 22.4159 19.191 22.5749 19.3082 22.6921C19.4254 22.8093 19.5844 22.8752 19.7502 22.8752C19.9159 22.8752 20.0749 22.8093 20.1921 22.6921C20.3093 22.5749 20.3752 22.4159 20.3752 22.2502C20.3752 22.0844 20.3093 21.9254 20.1921 21.8082C20.0749 21.691 19.9159 21.6252 19.7502 21.6252Z" fill="white"></path></svg></span></div><span class="txt_box sr-only">장바구니버튼</span></button></div></div></div></div><div class="txt_wrap mt_8" style="overflow:hidden"><div class="flex_side"><button class="none_style_btn btn_brand_name"><span class="txt_box">AMH</span></button><ul class="icon_list"><li class="tooltip_area p_relative swiper-no-swiping"><div id="__MoreInfoButton__"><button class="none_style_btn"><span class="dp_i_flex svg_box "><svg width="16" height="16" viewBox="0 0 16 17" fill="none" xmlns="http://www.w3.org/2000/svg"><path d="M8.00001 5.66671C7.8468 5.66671 7.69509 5.63653 7.55355 5.5779C7.412 5.51927 7.28339 5.43333 7.17505 5.325C7.06672 5.21666 6.98078 5.08805 6.92215 4.9465C6.86352 4.80496 6.83334 4.65325 6.83334 4.50004C6.83334 4.34683 6.86352 4.19512 6.92215 4.05358C6.98078 3.91203 7.06672 3.78342 7.17505 3.67508C7.28339 3.56675 7.412 3.48081 7.55355 3.42218C7.69509 3.36355 7.8468 3.33337 8.00001 3.33337C8.30943 3.33337 8.60618 3.45629 8.82497 3.67508C9.04376 3.89388 9.16668 4.19062 9.16668 4.50004C9.16668 4.80946 9.04376 5.10621 8.82497 5.325C8.60618 5.54379 8.30943 5.66671 8.00001 5.66671ZM8.00001 9.66671C7.69059 9.66671 7.39384 9.54379 7.17505 9.325C6.95626 9.10621 6.83334 8.80946 6.83334 8.50004C6.83334 8.19062 6.95626 7.89388 7.17505 7.67508C7.39384 7.45629 7.69059 7.33337 8.00001 7.33337C8.30943 7.33337 8.60618 7.45629 8.82497 7.67508C9.04376 7.89388 9.16668 8.19062 9.16668 8.50004C9.16668 8.80946 9.04376 9.10621 8.82497 9.325C8.60618 9.54379 8.30943 9.66671 8.00001 9.66671ZM6.83334 12.5C6.83334 12.8095 6.95626 13.1062 7.17505 13.325C7.39384 13.5438 7.69059 13.6667 8.00001 13.6667C8.30943 13.6667 8.60618 13.5438 8.82497 13.325C9.04376 13.1062 9.16668 12.8095 9.16668 12.5C9.16668 12.1906 9.04376 11.8939 8.82497 11.6751C8.60618 11.4563 8.30943 11.3334 8.00001 11.3334C7.69059 11.3334 7.39384 11.4563 7.17505 11.6751C6.95626 11.8939 6.83334 12.1906 6.83334 12.5Z" fill="#232221"></path></svg></span></button></div></li></ul></div><ul class="category_wrap"><li class="category_info storage_type"><span class="dp_i_flex svg_box "><svg width="12" height="12" viewBox="0 0 12 12" fill="none" xmlns="http://www.w3.org/2000/svg"><path d="M5.875 1C5.97446 1 6.06984 1.03951 6.14016 1.10983C6.21049 1.18016 6.25 1.27554 6.25 1.375V2.9525L7.3165 1.8855C7.35133 1.85067 7.39269 1.82304 7.4382 1.80418C7.48371 1.78533 7.53249 1.77563 7.58175 1.77563C7.63101 1.77563 7.67979 1.78533 7.7253 1.80418C7.77081 1.82304 7.81217 1.85067 7.847 1.8855C7.88183 1.92033 7.90946 1.96169 7.92832 2.0072C7.94717 2.05271 7.95687 2.10149 7.95687 2.15075C7.95687 2.20001 7.94717 2.24879 7.92832 2.2943C7.90946 2.33981 7.88183 2.38117 7.847 2.416L6.25 4.013V5.5H7.737L9.334 3.903C9.40509 3.83676 9.49911 3.8007 9.59626 3.80241C9.69341 3.80413 9.7861 3.84348 9.85481 3.91219C9.92352 3.9809 9.96287 4.07359 9.96459 4.17074C9.9663 4.26789 9.93024 4.36191 9.864 4.433L8.798 5.5H10.3755C10.475 5.5 10.5703 5.53951 10.6407 5.60984C10.711 5.68016 10.7505 5.77554 10.7505 5.875C10.7505 5.97446 10.711 6.06984 10.6407 6.14016C10.5703 6.21049 10.475 6.25 10.3755 6.25H8.798L9.865 7.3165C9.89983 7.35133 9.92746 7.39269 9.94632 7.4382C9.96517 7.48371 9.97487 7.53249 9.97487 7.58175C9.97487 7.63101 9.96517 7.67979 9.94632 7.7253C9.92746 7.77081 9.89983 7.81217 9.865 7.847C9.83017 7.88183 9.78881 7.90946 9.7433 7.92832C9.69779 7.94717 9.64901 7.95687 9.59975 7.95687C9.55049 7.95687 9.50171 7.94717 9.4562 7.92832C9.41069 7.90946 9.36933 7.88183 9.3345 7.847L7.737 6.25H6.25V7.737L7.847 9.334C7.91324 9.40509 7.9493 9.49911 7.94759 9.59626C7.94587 9.69341 7.90652 9.7861 7.83781 9.85481C7.7691 9.92352 7.67641 9.96287 7.57926 9.96459C7.48211 9.9663 7.38809 9.93024 7.317 9.864L6.25 8.798V10.3755C6.25 10.475 6.21049 10.5703 6.14016 10.6407C6.06984 10.711 5.97446 10.7505 5.875 10.7505C5.77554 10.7505 5.68016 10.711 5.60984 10.6407C5.53951 10.5703 5.5 10.475 5.5 10.3755V8.798L4.4335 9.865C4.39867 9.89983 4.35731 9.92746 4.3118 9.94632C4.26629 9.96517 4.21751 9.97487 4.16825 9.97487C4.11899 9.97487 4.07021 9.96517 4.0247 9.94632C3.97919 9.92746 3.93783 9.89983 3.903 9.865C3.86817 9.83017 3.84054 9.78881 3.82168 9.7433C3.80283 9.69779 3.79313 9.64901 3.79313 9.59975C3.79313 9.55049 3.80283 9.50171 3.82168 9.4562C3.84054 9.41069 3.86817 9.36933 3.903 9.3345L5.5 7.737V6.25H4.013L2.416 7.847C2.34491 7.91324 2.25089 7.9493 2.15374 7.94759C2.05659 7.94587 1.9639 7.90652 1.89519 7.83781C1.82648 7.7691 1.78713 7.67641 1.78541 7.57926C1.7837 7.48211 1.81976 7.38809 1.886 7.317L2.952 6.25H1.375C1.27554 6.25 1.18016 6.21049 1.10983 6.14016C1.03951 6.06984 1 5.97446 1 5.875C1 5.77554 1.03951 5.68016 1.10983 5.60984C1.18016 5.53951 1.27554 5.5 1.375 5.5H2.9525L1.885 4.4335C1.81465 4.36315 1.77513 4.26774 1.77513 4.16825C1.77513 4.06876 1.81465 3.97335 1.885 3.903C1.95535 3.83265 2.05076 3.79313 2.15025 3.79313C2.24974 3.79313 2.34515 3.83265 2.4155 3.903L4.013 5.5H5.5V4.013L3.903 2.416C3.86616 2.38167 3.83661 2.34027 3.81611 2.29427C3.79561 2.24827 3.78459 2.19861 3.7837 2.14826C3.78282 2.09791 3.79208 2.0479 3.81094 2.0012C3.8298 1.95451 3.85787 1.91209 3.89348 1.87648C3.92909 1.84087 3.97151 1.8128 4.0182 1.79394C4.0649 1.77508 4.11491 1.76582 4.16526 1.7667C4.21561 1.76759 4.26527 1.77861 4.31127 1.79911C4.35727 1.81961 4.39867 1.84916 4.433 1.886L5.5 2.952V1.375C5.5 1.27554 5.53951 1.18016 5.60984 1.10983C5.68016 1.03951 5.77554 1 5.875 1Z" fill="#318CF7"></path></svg></span><span class="txt_box" style="color:#318CF7">냉동</span></li><li class="category_info flex_all_center gap_2"><span class="txt_box">수입소</span><span class="dp_i_flex svg_box "><svg xmlns="http://www.w3.org/2000/svg" width="8" height="8" viewBox="0 0 12 12" fill="none"><path d="M4.14678 2.14652C4.05305 2.24028 4.00039 2.36743 4.00039 2.50002C4.00039 2.6326 4.05305 2.75975 4.14678 2.85352L7.29328 6.00002L4.14678 9.14651C4.09903 9.19264 4.06094 9.24781 4.03473 9.30881C4.00853 9.36981 3.99474 9.43543 3.99416 9.50181C3.99358 9.5682 4.00623 9.63404 4.03137 9.69549C4.05651 9.75694 4.09364 9.81277 4.14059 9.85971C4.18753 9.90666 4.24336 9.94379 4.30481 9.96893C4.36626 9.99407 4.4321 10.0067 4.49849 10.0061C4.56487 10.0056 4.63048 9.99177 4.69149 9.96557C4.75249 9.93936 4.80766 9.90127 4.85378 9.85352L8.35379 6.35352C8.44752 6.25975 8.50018 6.1326 8.50018 6.00002C8.50018 5.86743 8.44752 5.74028 8.35379 5.64652L4.85378 2.14652C4.76002 2.05278 4.63287 2.00012 4.50028 2.00012C4.3677 2.00012 4.24055 2.05278 4.14678 2.14652Z" fill="#BABEC4"></path></svg></span><span class="txt_box">세절&amp;분쇄</span></li></ul><p class="product_name">[슬라이스] 차돌양지1.5mm - 호주 | AMH - GF</p><span class="sample_grey_text">차돌양지 샤브,찌개,탕류 20kg(4kg*5봉)</span><div class="price_wrap"><span class="price_info"><em>270,400원</em></span><span class="price_unit">kg당 13,520원 | 총 20kg</span></div><div class="txt_label_wrap"><span class="txt_area_label label--freshPack"><span class="label__text">신선배송</span></span></div><ul class="rating_wrap"><li class="rating_star"><span class="dp_i_flex svg_box "><svg width="12" height="12" viewBox="0 0 16 17" fill="none" xmlns="http://www.w3.org/2000/svg"><path d="M3.91761 15.2225C4.16353 15.4174 4.47604 15.3483 4.84825 15.0654L8.02416 12.6269L11.2062 15.0654C11.5784 15.3483 11.8845 15.4174 12.1369 15.2225C12.3828 15.0276 12.4371 14.7071 12.287 14.2483L11.032 10.3393L14.2382 7.92602C14.6104 7.64956 14.7605 7.36023 14.6644 7.04624C14.5684 6.74457 14.2861 6.59361 13.8239 6.60004L9.89133 6.62498L8.69659 2.6972C8.55262 2.23224 8.33668 1.99976 8.02416 1.99976C7.71804 1.99976 7.50184 2.23224 7.35762 2.6972L6.16288 6.62498L2.23052 6.60004C1.76815 6.59361 1.48611 6.74457 1.39005 7.04624C1.28784 7.3605 1.44384 7.64956 1.81631 7.92602L5.02218 10.3393L3.7675 14.2483C3.61739 14.7071 3.67144 15.0276 3.91761 15.2225Z" fill="#FFC42F"></path></svg></span><span class="txt_box">5.0</span></li><li><span class="txt_box">재고 <!-- -->21</span></li></ul></div></div></div></div><div class="swiper-slide"><div class="bgInherit" style="cursor:pointer"><div role="button" class="product_card type1 stack_vertical false"><div class="img_wrap"><div class="bg_wrap"><p class="absolute_full"><img alt="상품_섬네일_이미지" loading="lazy" width="500" height="500" decoding="async" data-nimg="1" class="full_image" style="color:transparent" src="https://img-cdn.meatbox.co.kr/m/images/itemImage/2025/06/10/13/17/mo_thumb_productThumbnail_139751_20250610131707.jpg"/></p><div class="label_area" style="cursor:pointer"><div class="none_style_btn cart_button"><button class="clear_button " type="button"><div class="p_relative util_item"><span class="dp_i_flex svg_box "><svg width="32" height="32" viewBox="0 0 32 32" fill="none" xmlns="http://www.w3.org/2000/svg"><path d="M0 16C0 7.16344 7.16344 0 16 0C24.8366 0 32 7.16344 32 16C32 24.8366 24.8366 32 16 32C7.16344 32 0 24.8366 0 16Z" fill="#232221" fill-opacity="0.5"></path><path fill-rule="evenodd" clip-rule="evenodd" d="M8.32286 7.90084C8.65386 7.80292 9.00157 7.99187 9.09949 8.32286L9.55871 9.87516H21.7702C23.3041 9.87516 24.4742 11.305 24.0321 12.8005L22.6537 17.4672C22.359 18.4613 21.4274 19.1252 20.3918 19.1252H12.7602C11.7241 19.1252 10.7914 18.4613 10.4975 17.4674L7.90084 8.67746C7.80292 8.34647 7.99187 7.99876 8.32286 7.90084ZM9.92806 11.1252L11.6962 17.1129C11.8256 17.5507 12.2513 17.8752 12.7602 17.8752H20.3918C20.8994 17.8752 21.3246 17.5519 21.455 17.1129L22.8333 12.4465C23.0209 11.8121 22.5328 11.1252 21.7702 11.1252H9.92806ZM11.7577 20.9243C12.1093 20.5727 12.5862 20.3752 13.0835 20.3752C13.5808 20.3752 14.0577 20.5727 14.4093 20.9243C14.761 21.276 14.9585 21.7529 14.9585 22.2502C14.9585 22.7474 14.761 23.2244 14.4093 23.576C14.0577 23.9276 13.5808 24.1252 13.0835 24.1252C12.5862 24.1252 12.1093 23.9276 11.7577 23.576C11.406 23.2244 11.2085 22.7474 11.2085 22.2502C11.2085 21.7529 11.406 21.276 11.7577 20.9243ZM13.0835 21.6252C12.9177 21.6252 12.7588 21.691 12.6416 21.8082C12.5243 21.9254 12.4585 22.0844 12.4585 22.2502C12.4585 22.4159 12.5243 22.5749 12.6416 22.6921C12.7588 22.8093 12.9177 22.8752 13.0835 22.8752C13.2493 22.8752 13.4082 22.8093 13.5254 22.6921C13.6426 22.5749 13.7085 22.4159 13.7085 22.2502C13.7085 22.0844 13.6426 21.9254 13.5254 21.8082C13.4082 21.691 13.2493 21.6252 13.0835 21.6252ZM18.4243 20.9243C18.776 20.5727 19.2529 20.3752 19.7502 20.3752C20.2474 20.3752 20.7244 20.5727 21.076 20.9243C21.4276 21.276 21.6252 21.7529 21.6252 22.2502C21.6252 22.7474 21.4276 23.2244 21.076 23.576C20.7244 23.9276 20.2474 24.1252 19.7502 24.1252C19.2529 24.1252 18.776 23.9276 18.4243 23.576C18.0727 23.2244 17.8752 22.7474 17.8752 22.2502C17.8752 21.7529 18.0727 21.276 18.4243 20.9243ZM19.7502 21.6252C19.5844 21.6252 19.4254 21.691 19.3082 21.8082C19.191 21.9254 19.1252 22.0844 19.1252 22.2502C19.1252 22.4159 19.191 22.5749 19.3082 22.6921C19.4254 22.8093 19.5844 22.8752 19.7502 22.8752C19.9159 22.8752 20.0749 22.8093 20.1921 22.6921C20.3093 22.5749 20.3752 22.4159 20.3752 22.2502C20.3752 22.0844 20.3093 21.9254 20.1921 21.8082C20.0749 21.691 19.9159 21.6252 19.7502 21.6252Z" fill="white"></path></svg></span></div><span class="txt_box sr-only">장바구니버튼</span></button></div></div></div></div><div class="txt_wrap mt_8" style="overflow:hidden"><div class="flex_side"><button class="none_style_btn btn_brand_name"><span class="txt_box">AMH</span></button><ul class="icon_list"><li class="tooltip_area p_relative swiper-no-swiping"><div id="__MoreInfoButton__"><button class="none_style_btn"><span class="dp_i_flex svg_box "><svg width="16" height="16" viewBox="0 0 16 17" fill="none" xmlns="http://www.w3.org/2000/svg"><path d="M8.00001 5.66671C7.8468 5.66671 7.69509 5.63653 7.55355 5.5779C7.412 5.51927 7.28339 5.43333 7.17505 5.325C7.06672 5.21666 6.98078 5.08805 6.92215 4.9465C6.86352 4.80496 6.83334 4.65325 6.83334 4.50004C6.83334 4.34683 6.86352 4.19512 6.92215 4.05358C6.98078 3.91203 7.06672 3.78342 7.17505 3.67508C7.28339 3.56675 7.412 3.48081 7.55355 3.42218C7.69509 3.36355 7.8468 3.33337 8.00001 3.33337C8.30943 3.33337 8.60618 3.45629 8.82497 3.67508C9.04376 3.89388 9.16668 4.19062 9.16668 4.50004C9.16668 4.80946 9.04376 5.10621 8.82497 5.325C8.60618 5.54379 8.30943 5.66671 8.00001 5.66671ZM8.00001 9.66671C7.69059 9.66671 7.39384 9.54379 7.17505 9.325C6.95626 9.10621 6.83334 8.80946 6.83334 8.50004C6.83334 8.19062 6.95626 7.89388 7.17505 7.67508C7.39384 7.45629 7.69059 7.33337 8.00001 7.33337C8.30943 7.33337 8.60618 7.45629 8.82497 7.67508C9.04376 7.89388 9.16668 8.19062 9.16668 8.50004C9.16668 8.80946 9.04376 9.10621 8.82497 9.325C8.60618 9.54379 8.30943 9.66671 8.00001 9.66671ZM6.83334 12.5C6.83334 12.8095 6.95626 13.1062 7.17505 13.325C7.39384 13.5438 7.69059 13.6667 8.00001 13.6667C8.30943 13.6667 8.60618 13.5438 8.82497 13.325C9.04376 13.1062 9.16668 12.8095 9.16668 12.5C9.16668 12.1906 9.04376 11.8939 8.82497 11.6751C8.60618 11.4563 8.30943 11.3334 8.00001 11.3334C7.69059 11.3334 7.39384 11.4563 7.17505 11.6751C6.95626 11.8939 6.83334 12.1906 6.83334 12.5Z" fill="#232221"></path></svg></span></button></div></li></ul></div><ul class="category_wrap"><li class="category_info storage_type"><span class="dp_i_flex svg_box "><svg width="12" height="12" viewBox="0 0 12 12" fill="none" xmlns="http://www.w3.org/2000/svg"><path d="M5.875 1C5.97446 1 6.06984 1.03951 6.14016 1.10983C6.21049 1.18016 6.25 1.27554 6.25 1.375V2.9525L7.3165 1.8855C7.35133 1.85067 7.39269 1.82304 7.4382 1.80418C7.48371 1.78533 7.53249 1.77563 7.58175 1.77563C7.63101 1.77563 7.67979 1.78533 7.7253 1.80418C7.77081 1.82304 7.81217 1.85067 7.847 1.8855C7.88183 1.92033 7.90946 1.96169 7.92832 2.0072C7.94717 2.05271 7.95687 2.10149 7.95687 2.15075C7.95687 2.20001 7.94717 2.24879 7.92832 2.2943C7.90946 2.33981 7.88183 2.38117 7.847 2.416L6.25 4.013V5.5H7.737L9.334 3.903C9.40509 3.83676 9.49911 3.8007 9.59626 3.80241C9.69341 3.80413 9.7861 3.84348 9.85481 3.91219C9.92352 3.9809 9.96287 4.07359 9.96459 4.17074C9.9663 4.26789 9.93024 4.36191 9.864 4.433L8.798 5.5H10.3755C10.475 5.5 10.5703 5.53951 10.6407 5.60984C10.711 5.68016 10.7505 5.77554 10.7505 5.875C10.7505 5.97446 10.711 6.06984 10.6407 6.14016C10.5703 6.21049 10.475 6.25 10.3755 6.25H8.798L9.865 7.3165C9.89983 7.35133 9.92746 7.39269 9.94632 7.4382C9.96517 7.48371 9.97487 7.53249 9.97487 7.58175C9.97487 7.63101 9.96517 7.67979 9.94632 7.7253C9.92746 7.77081 9.89983 7.81217 9.865 7.847C9.83017 7.88183 9.78881 7.90946 9.7433 7.92832C9.69779 7.94717 9.64901 7.95687 9.59975 7.95687C9.55049 7.95687 9.50171 7.94717 9.4562 7.92832C9.41069 7.90946 9.36933 7.88183 9.3345 7.847L7.737 6.25H6.25V7.737L7.847 9.334C7.91324 9.40509 7.9493 9.49911 7.94759 9.59626C7.94587 9.69341 7.90652 9.7861 7.83781 9.85481C7.7691 9.92352 7.67641 9.96287 7.57926 9.96459C7.48211 9.9663 7.38809 9.93024 7.317 9.864L6.25 8.798V10.3755C6.25 10.475 6.21049 10.5703 6.14016 10.6407C6.06984 10.711 5.97446 10.7505 5.875 10.7505C5.77554 10.7505 5.68016 10.711 5.60984 10.6407C5.53951 10.5703 5.5 10.475 5.5 10.3755V8.798L4.4335 9.865C4.39867 9.89983 4.35731 9.92746 4.3118 9.94632C4.26629 9.96517 4.21751 9.97487 4.16825 9.97487C4.11899 9.97487 4.07021 9.96517 4.0247 9.94632C3.97919 9.92746 3.93783 9.89983 3.903 9.865C3.86817 9.83017 3.84054 9.78881 3.82168 9.7433C3.80283 9.69779 3.79313 9.64901 3.79313 9.59975C3.79313 9.55049 3.80283 9.50171 3.82168 9.4562C3.84054 9.41069 3.86817 9.36933 3.903 9.3345L5.5 7.737V6.25H4.013L2.416 7.847C2.34491 7.91324 2.25089 7.9493 2.15374 7.94759C2.05659 7.94587 1.9639 7.90652 1.89519 7.83781C1.82648 7.7691 1.78713 7.67641 1.78541 7.57926C1.7837 7.48211 1.81976 7.38809 1.886 7.317L2.952 6.25H1.375C1.27554 6.25 1.18016 6.21049 1.10983 6.14016C1.03951 6.06984 1 5.97446 1 5.875C1 5.77554 1.03951 5.68016 1.10983 5.60984C1.18016 5.53951 1.27554 5.5 1.375 5.5H2.9525L1.885 4.4335C1.81465 4.36315 1.77513 4.26774 1.77513 4.16825C1.77513 4.06876 1.81465 3.97335 1.885 3.903C1.95535 3.83265 2.05076 3.79313 2.15025 3.79313C2.24974 3.79313 2.34515 3.83265 2.4155 3.903L4.013 5.5H5.5V4.013L3.903 2.416C3.86616 2.38167 3.83661 2.34027 3.81611 2.29427C3.79561 2.24827 3.78459 2.19861 3.7837 2.14826C3.78282 2.09791 3.79208 2.0479 3.81094 2.0012C3.8298 1.95451 3.85787 1.91209 3.89348 1.87648C3.92909 1.84087 3.97151 1.8128 4.0182 1.79394C4.0649 1.77508 4.11491 1.76582 4.16526 1.7667C4.21561 1.76759 4.26527 1.77861 4.31127 1.79911C4.35727 1.81961 4.39867 1.84916 4.433 1.886L5.5 2.952V1.375C5.5 1.27554 5.53951 1.18016 5.60984 1.10983C5.68016 1.03951 5.77554 1 5.875 1Z" fill="#318CF7"></path></svg></span><span class="txt_box" style="color:#318CF7">냉동</span></li><li class="category_info flex_all_center gap_2"><span class="txt_box">수입소</span><span class="dp_i_flex svg_box "><svg xmlns="http://www.w3.org/2000/svg" width="8" height="8" viewBox="0 0 12 12" fill="none"><path d="M4.14678 2.14652C4.05305 2.24028 4.00039 2.36743 4.00039 2.50002C4.00039 2.6326 4.05305 2.75975 4.14678 2.85352L7.29328 6.00002L4.14678 9.14651C4.09903 9.19264 4.06094 9.24781 4.03473 9.30881C4.00853 9.36981 3.99474 9.43543 3.99416 9.50181C3.99358 9.5682 4.00623 9.63404 4.03137 9.69549C4.05651 9.75694 4.09364 9.81277 4.14059 9.85971C4.18753 9.90666 4.24336 9.94379 4.30481 9.96893C4.36626 9.99407 4.4321 10.0067 4.49849 10.0061C4.56487 10.0056 4.63048 9.99177 4.69149 9.96557C4.75249 9.93936 4.80766 9.90127 4.85378 9.85352L8.35379 6.35352C8.44752 6.25975 8.50018 6.1326 8.50018 6.00002C8.50018 5.86743 8.44752 5.74028 8.35379 5.64652L4.85378 2.14652C4.76002 2.05278 4.63287 2.00012 4.50028 2.00012C4.3677 2.00012 4.24055 2.05278 4.14678 2.14652Z" fill="#BABEC4"></path></svg></span><span class="txt_box">세절&amp;분쇄</span></li></ul><p class="product_name">[슬라이스] 부채살15mm - 호주 | AMH - S</p><span class="sample_grey_text">스테이크,구이용20kg(1kg*20ea)</span><div class="price_wrap"><span class="price_info"><em>362,400원</em></span><span class="price_unit">kg당 18,120원 | 총 20kg</span></div><div class="txt_label_wrap"><span class="txt_area_label label--freshPack"><span class="label__text">신선배송</span></span></div><ul class="rating_wrap"><li><span class="txt_box">재고 <!-- -->7</span></li></ul></div></div></div></div><div class="swiper-slide"><div class="bgInherit" style="cursor:pointer"><div role="button" class="product_card type1 stack_vertical false"><div class="img_wrap"><div class="bg_wrap"><p class="absolute_full"><img alt="상품_섬네일_이미지" loading="lazy" width="500" height="500" decoding="async" data-nimg="1" class="full_image" style="color:transparent" src="https://img-cdn.meatbox.co.kr/m/images/itemImage/2025/05/27/16/07/mo_thumb_productThumbnail_139751_20250527160726.jpg"/></p><div class="label_area" style="cursor:pointer"><div class="none_style_btn cart_button"><button class="clear_button " type="button"><div class="p_relative util_item"><span class="dp_i_flex svg_box "><svg width="32" height="32" viewBox="0 0 32 32" fill="none" xmlns="http://www.w3.org/2000/svg"><path d="M0 16C0 7.16344 7.16344 0 16 0C24.8366 0 32 7.16344 32 16C32 24.8366 24.8366 32 16 32C7.16344 32 0 24.8366 0 16Z" fill="#232221" fill-opacity="0.5"></path><path fill-rule="evenodd" clip-rule="evenodd" d="M8.32286 7.90084C8.65386 7.80292 9.00157 7.99187 9.09949 8.32286L9.55871 9.87516H21.7702C23.3041 9.87516 24.4742 11.305 24.0321 12.8005L22.6537 17.4672C22.359 18.4613 21.4274 19.1252 20.3918 19.1252H12.7602C11.7241 19.1252 10.7914 18.4613 10.4975 17.4674L7.90084 8.67746C7.80292 8.34647 7.99187 7.99876 8.32286 7.90084ZM9.92806 11.1252L11.6962 17.1129C11.8256 17.5507 12.2513 17.8752 12.7602 17.8752H20.3918C20.8994 17.8752 21.3246 17.5519 21.455 17.1129L22.8333 12.4465C23.0209 11.8121 22.5328 11.1252 21.7702 11.1252H9.92806ZM11.7577 20.9243C12.1093 20.5727 12.5862 20.3752 13.0835 20.3752C13.5808 20.3752 14.0577 20.5727 14.4093 20.9243C14.761 21.276 14.9585 21.7529 14.9585 22.2502C14.9585 22.7474 14.761 23.2244 14.4093 23.576C14.0577 23.9276 13.5808 24.1252 13.0835 24.1252C12.5862 24.1252 12.1093 23.9276 11.7577 23.576C11.406 23.2244 11.2085 22.7474 11.2085 22.2502C11.2085 21.7529 11.406 21.276 11.7577 20.9243ZM13.0835 21.6252C12.9177 21.6252 12.7588 21.691 12.6416 21.8082C12.5243 21.9254 12.4585 22.0844 12.4585 22.2502C12.4585 22.4159 12.5243 22.5749 12.6416 22.6921C12.7588 22.8093 12.9177 22.8752 13.0835 22.8752C13.2493 22.8752 13.4082 22.8093 13.5254 22.6921C13.6426 22.5749 13.7085 22.4159 13.7085 22.2502C13.7085 22.0844 13.6426 21.9254 13.5254 21.8082C13.4082 21.691 13.2493 21.6252 13.0835 21.6252ZM18.4243 20.9243C18.776 20.5727 19.2529 20.3752 19.7502 20.3752C20.2474 20.3752 20.7244 20.5727 21.076 20.9243C21.4276 21.276 21.6252 21.7529 21.6252 22.2502C21.6252 22.7474 21.4276 23.2244 21.076 23.576C20.7244 23.9276 20.2474 24.1252 19.7502 24.1252C19.2529 24.1252 18.776 23.9276 18.4243 23.576C18.0727 23.2244 17.8752 22.7474 17.8752 22.2502C17.8752 21.7529 18.0727 21.276 18.4243 20.9243ZM19.7502 21.6252C19.5844 21.6252 19.4254 21.691 19.3082 21.8082C19.191 21.9254 19.1252 22.0844 19.1252 22.2502C19.1252 22.4159 19.191 22.5749 19.3082 22.6921C19.4254 22.8093 19.5844 22.8752 19.7502 22.8752C19.9159 22.8752 20.0749 22.8093 20.1921 22.6921C20.3093 22.5749 20.3752 22.4159 20.3752 22.2502C20.3752 22.0844 20.3093 21.9254 20.1921 21.8082C20.0749 21.691 19.9159 21.6252 19.7502 21.6252Z" fill="white"></path></svg></span></div><span class="txt_box sr-only">장바구니버튼</span></button></div></div></div></div><div class="txt_wrap mt_8" style="overflow:hidden"><div class="flex_side"><button class="none_style_btn btn_brand_name"><span class="txt_box">AMH</span></button><ul class="icon_list"><li class="tooltip_area p_relative swiper-no-swiping"><div id="__MoreInfoButton__"><button class="none_style_btn"><span class="dp_i_flex svg_box "><svg width="16" height="16" viewBox="0 0 16 17" fill="none" xmlns="http://www.w3.org/2000/svg"><path d="M8.00001 5.66671C7.8468 5.66671 7.69509 5.63653 7.55355 5.5779C7.412 5.51927 7.28339 5.43333 7.17505 5.325C7.06672 5.21666 6.98078 5.08805 6.92215 4.9465C6.86352 4.80496 6.83334 4.65325 6.83334 4.50004C6.83334 4.34683 6.86352 4.19512 6.92215 4.05358C6.98078 3.91203 7.06672 3.78342 7.17505 3.67508C7.28339 3.56675 7.412 3.48081 7.55355 3.42218C7.69509 3.36355 7.8468 3.33337 8.00001 3.33337C8.30943 3.33337 8.60618 3.45629 8.82497 3.67508C9.04376 3.89388 9.16668 4.19062 9.16668 4.50004C9.16668 4.80946 9.04376 5.10621 8.82497 5.325C8.60618 5.54379 8.30943 5.66671 8.00001 5.66671ZM8.00001 9.66671C7.69059 9.66671 7.39384 9.54379 7.17505 9.325C6.95626 9.10621 6.83334 8.80946 6.83334 8.50004C6.83334 8.19062 6.95626 7.89388 7.17505 7.67508C7.39384 7.45629 7.69059 7.33337 8.00001 7.33337C8.30943 7.33337 8.60618 7.45629 8.82497 7.67508C9.04376 7.89388 9.16668 8.19062 9.16668 8.50004C9.16668 8.80946 9.04376 9.10621 8.82497 9.325C8.60618 9.54379 8.30943 9.66671 8.00001 9.66671ZM6.83334 12.5C6.83334 12.8095 6.95626 13.1062 7.17505 13.325C7.39384 13.5438 7.69059 13.6667 8.00001 13.6667C8.30943 13.6667 8.60618 13.5438 8.82497 13.325C9.04376 13.1062 9.16668 12.8095 9.16668 12.5C9.16668 12.1906 9.04376 11.8939 8.82497 11.6751C8.60618 11.4563 8.30943 11.3334 8.00001 11.3334C7.69059 11.3334 7.39384 11.4563 7.17505 11.6751C6.95626 11.8939 6.83334 12.1906 6.83334 12.5Z" fill="#232221"></path></svg></span></button></div></li></ul></div><ul class="category_wrap"><li class="category_info storage_type"><span class="dp_i_flex svg_box "><svg width="12" height="12" viewBox="0 0 12 12" fill="none" xmlns="http://www.w3.org/2000/svg"><path d="M5.875 1C5.97446 1 6.06984 1.03951 6.14016 1.10983C6.21049 1.18016 6.25 1.27554 6.25 1.375V2.9525L7.3165 1.8855C7.35133 1.85067 7.39269 1.82304 7.4382 1.80418C7.48371 1.78533 7.53249 1.77563 7.58175 1.77563C7.63101 1.77563 7.67979 1.78533 7.7253 1.80418C7.77081 1.82304 7.81217 1.85067 7.847 1.8855C7.88183 1.92033 7.90946 1.96169 7.92832 2.0072C7.94717 2.05271 7.95687 2.10149 7.95687 2.15075C7.95687 2.20001 7.94717 2.24879 7.92832 2.2943C7.90946 2.33981 7.88183 2.38117 7.847 2.416L6.25 4.013V5.5H7.737L9.334 3.903C9.40509 3.83676 9.49911 3.8007 9.59626 3.80241C9.69341 3.80413 9.7861 3.84348 9.85481 3.91219C9.92352 3.9809 9.96287 4.07359 9.96459 4.17074C9.9663 4.26789 9.93024 4.36191 9.864 4.433L8.798 5.5H10.3755C10.475 5.5 10.5703 5.53951 10.6407 5.60984C10.711 5.68016 10.7505 5.77554 10.7505 5.875C10.7505 5.97446 10.711 6.06984 10.6407 6.14016C10.5703 6.21049 10.475 6.25 10.3755 6.25H8.798L9.865 7.3165C9.89983 7.35133 9.92746 7.39269 9.94632 7.4382C9.96517 7.48371 9.97487 7.53249 9.97487 7.58175C9.97487 7.63101 9.96517 7.67979 9.94632 7.7253C9.92746 7.77081 9.89983 7.81217 9.865 7.847C9.83017 7.88183 9.78881 7.90946 9.7433 7.92832C9.69779 7.94717 9.64901 7.95687 9.59975 7.95687C9.55049 7.95687 9.50171 7.94717 9.4562 7.92832C9.41069 7.90946 9.36933 7.88183 9.3345 7.847L7.737 6.25H6.25V7.737L7.847 9.334C7.91324 9.40509 7.9493 9.49911 7.94759 9.59626C7.94587 9.69341 7.90652 9.7861 7.83781 9.85481C7.7691 9.92352 7.67641 9.96287 7.57926 9.96459C7.48211 9.9663 7.38809 9.93024 7.317 9.864L6.25 8.798V10.3755C6.25 10.475 6.21049 10.5703 6.14016 10.6407C6.06984 10.711 5.97446 10.7505 5.875 10.7505C5.77554 10.7505 5.68016 10.711 5.60984 10.6407C5.53951 10.5703 5.5 10.475 5.5 10.3755V8.798L4.4335 9.865C4.39867 9.89983 4.35731 9.92746 4.3118 9.94632C4.26629 9.96517 4.21751 9.97487 4.16825 9.97487C4.11899 9.97487 4.07021 9.96517 4.0247 9.94632C3.97919 9.92746 3.93783 9.89983 3.903 9.865C3.86817 9.83017 3.84054 9.78881 3.82168 9.7433C3.80283 9.69779 3.79313 9.64901 3.79313 9.59975C3.79313 9.55049 3.80283 9.50171 3.82168 9.4562C3.84054 9.41069 3.86817 9.36933 3.903 9.3345L5.5 7.737V6.25H4.013L2.416 7.847C2.34491 7.91324 2.25089 7.9493 2.15374 7.94759C2.05659 7.94587 1.9639 7.90652 1.89519 7.83781C1.82648 7.7691 1.78713 7.67641 1.78541 7.57926C1.7837 7.48211 1.81976 7.38809 1.886 7.317L2.952 6.25H1.375C1.27554 6.25 1.18016 6.21049 1.10983 6.14016C1.03951 6.06984 1 5.97446 1 5.875C1 5.77554 1.03951 5.68016 1.10983 5.60984C1.18016 5.53951 1.27554 5.5 1.375 5.5H2.9525L1.885 4.4335C1.81465 4.36315 1.77513 4.26774 1.77513 4.16825C1.77513 4.06876 1.81465 3.97335 1.885 3.903C1.95535 3.83265 2.05076 3.79313 2.15025 3.79313C2.24974 3.79313 2.34515 3.83265 2.4155 3.903L4.013 5.5H5.5V4.013L3.903 2.416C3.86616 2.38167 3.83661 2.34027 3.81611 2.29427C3.79561 2.24827 3.78459 2.19861 3.7837 2.14826C3.78282 2.09791 3.79208 2.0479 3.81094 2.0012C3.8298 1.95451 3.85787 1.91209 3.89348 1.87648C3.92909 1.84087 3.97151 1.8128 4.0182 1.79394C4.0649 1.77508 4.11491 1.76582 4.16526 1.7667C4.21561 1.76759 4.26527 1.77861 4.31127 1.79911C4.35727 1.81961 4.39867 1.84916 4.433 1.886L5.5 2.952V1.375C5.5 1.27554 5.53951 1.18016 5.60984 1.10983C5.68016 1.03951 5.77554 1 5.875 1Z" fill="#318CF7"></path></svg></span><span class="txt_box" style="color:#318CF7">냉동</span></li><li class="category_info flex_all_center gap_2"><span class="txt_box">수입소</span><span class="dp_i_flex svg_box "><svg xmlns="http://www.w3.org/2000/svg" width="8" height="8" viewBox="0 0 12 12" fill="none"><path d="M4.14678 2.14652C4.05305 2.24028 4.00039 2.36743 4.00039 2.50002C4.00039 2.6326 4.05305 2.75975 4.14678 2.85352L7.29328 6.00002L4.14678 9.14651C4.09903 9.19264 4.06094 9.24781 4.03473 9.30881C4.00853 9.36981 3.99474 9.43543 3.99416 9.50181C3.99358 9.5682 4.00623 9.63404 4.03137 9.69549C4.05651 9.75694 4.09364 9.81277 4.14059 9.85971C4.18753 9.90666 4.24336 9.94379 4.30481 9.96893C4.36626 9.99407 4.4321 10.0067 4.49849 10.0061C4.56487 10.0056 4.63048 9.99177 4.69149 9.96557C4.75249 9.93936 4.80766 9.90127 4.85378 9.85352L8.35379 6.35352C8.44752 6.25975 8.50018 6.1326 8.50018 6.00002C8.50018 5.86743 8.44752 5.74028 8.35379 5.64652L4.85378 2.14652C4.76002 2.05278 4.63287 2.00012 4.50028 2.00012C4.3677 2.00012 4.24055 2.05278 4.14678 2.14652Z" fill="#BABEC4"></path></svg></span><span class="txt_box">세절&amp;분쇄</span></li></ul><p class="product_name">[절단]차돌박이 - 호주 | AMH - GF</p><span class="sample_grey_text">덩어리 15kg~17kg (구이용,샤브샤브용 추천)</span><div class="price_wrap"><span class="price_info"><em>14,500원</em><span class="product_name">(kg당)</span></span></div><div class="txt_label_wrap"><span class="txt_area_label label--freshPack"><span class="label__text">신선배송</span></span></div><ul class="rating_wrap"><li class="rating_star"><span class="dp_i_flex svg_box "><svg width="12" height="12" viewBox="0 0 16 17" fill="none" xmlns="http://www.w3.org/2000/svg"><path d="M3.91761 15.2225C4.16353 15.4174 4.47604 15.3483 4.84825 15.0654L8.02416 12.6269L11.2062 15.0654C11.5784 15.3483 11.8845 15.4174 12.1369 15.2225C12.3828 15.0276 12.4371 14.7071 12.287 14.2483L11.032 10.3393L14.2382 7.92602C14.6104 7.64956 14.7605 7.36023 14.6644 7.04624C14.5684 6.74457 14.2861 6.59361 13.8239 6.60004L9.89133 6.62498L8.69659 2.6972C8.55262 2.23224 8.33668 1.99976 8.02416 1.99976C7.71804 1.99976 7.50184 2.23224 7.35762 2.6972L6.16288 6.62498L2.23052 6.60004C1.76815 6.59361 1.48611 6.74457 1.39005 7.04624C1.28784 7.3605 1.44384 7.64956 1.81631 7.92602L5.02218 10.3393L3.7675 14.2483C3.61739 14.7071 3.67144 15.0276 3.91761 15.2225Z" fill="#FFC42F"></path></svg></span><span class="txt_box">5.0</span></li><li><span class="txt_box">재고 <!-- -->28</span></li></ul></div></div></div></div><div class="swiper-slide"><div class="bgInherit" style="cursor:pointer"><div role="button" class="product_card type1 stack_vertical false"><div class="img_wrap"><div class="bg_wrap"><p class="absolute_full"><img alt="상품_섬네일_이미지" loading="lazy" width="500" height="500" decoding="async" data-nimg="1" class="full_image" style="color:transparent" src="https://img-cdn.meatbox.co.kr/m/images/itemImage/2025/05/20/16/38/mo_thumb_productThumbnail_139751_20250520163826.jpg"/></p><div class="label_area" style="cursor:pointer"><div class="none_style_btn cart_button"><button class="clear_button " type="button"><div class="p_relative util_item"><span class="dp_i_flex svg_box "><svg width="32" height="32" viewBox="0 0 32 32" fill="none" xmlns="http://www.w3.org/2000/svg"><path d="M0 16C0 7.16344 7.16344 0 16 0C24.8366 0 32 7.16344 32 16C32 24.8366 24.8366 32 16 32C7.16344 32 0 24.8366 0 16Z" fill="#232221" fill-opacity="0.5"></path><path fill-rule="evenodd" clip-rule="evenodd" d="M8.32286 7.90084C8.65386 7.80292 9.00157 7.99187 9.09949 8.32286L9.55871 9.87516H21.7702C23.3041 9.87516 24.4742 11.305 24.0321 12.8005L22.6537 17.4672C22.359 18.4613 21.4274 19.1252 20.3918 19.1252H12.7602C11.7241 19.1252 10.7914 18.4613 10.4975 17.4674L7.90084 8.67746C7.80292 8.34647 7.99187 7.99876 8.32286 7.90084ZM9.92806 11.1252L11.6962 17.1129C11.8256 17.5507 12.2513 17.8752 12.7602 17.8752H20.3918C20.8994 17.8752 21.3246 17.5519 21.455 17.1129L22.8333 12.4465C23.0209 11.8121 22.5328 11.1252 21.7702 11.1252H9.92806ZM11.7577 20.9243C12.1093 20.5727 12.5862 20.3752 13.0835 20.3752C13.5808 20.3752 14.0577 20.5727 14.4093 20.9243C14.761 21.276 14.9585 21.7529 14.9585 22.2502C14.9585 22.7474 14.761 23.2244 14.4093 23.576C14.0577 23.9276 13.5808 24.1252 13.0835 24.1252C12.5862 24.1252 12.1093 23.9276 11.7577 23.576C11.406 23.2244 11.2085 22.7474 11.2085 22.2502C11.2085 21.7529 11.406 21.276 11.7577 20.9243ZM13.0835 21.6252C12.9177 21.6252 12.7588 21.691 12.6416 21.8082C12.5243 21.9254 12.4585 22.0844 12.4585 22.2502C12.4585 22.4159 12.5243 22.5749 12.6416 22.6921C12.7588 22.8093 12.9177 22.8752 13.0835 22.8752C13.2493 22.8752 13.4082 22.8093 13.5254 22.6921C13.6426 22.5749 13.7085 22.4159 13.7085 22.2502C13.7085 22.0844 13.6426 21.9254 13.5254 21.8082C13.4082 21.691 13.2493 21.6252 13.0835 21.6252ZM18.4243 20.9243C18.776 20.5727 19.2529 20.3752 19.7502 20.3752C20.2474 20.3752 20.7244 20.5727 21.076 20.9243C21.4276 21.276 21.6252 21.7529 21.6252 22.2502C21.6252 22.7474 21.4276 23.2244 21.076 23.576C20.7244 23.9276 20.2474 24.1252 19.7502 24.1252C19.2529 24.1252 18.776 23.9276 18.4243 23.576C18.0727 23.2244 17.8752 22.7474 17.8752 22.2502C17.8752 21.7529 18.0727 21.276 18.4243 20.9243ZM19.7502 21.6252C19.5844 21.6252 19.4254 21.691 19.3082 21.8082C19.191 21.9254 19.1252 22.0844 19.1252 22.2502C19.1252 22.4159 19.191 22.5749 19.3082 22.6921C19.4254 22.8093 19.5844 22.8752 19.7502 22.8752C19.9159 22.8752 20.0749 22.8093 20.1921 22.6921C20.3093 22.5749 20.3752 22.4159 20.3752 22.2502C20.3752 22.0844 20.3093 21.9254 20.1921 21.8082C20.0749 21.691 19.9159 21.6252 19.7502 21.6252Z" fill="white"></path></svg></span></div><span class="txt_box sr-only">장바구니버튼</span></button></div></div></div></div><div class="txt_wrap mt_8" style="overflow:hidden"><div class="flex_side"><button class="none_style_btn btn_brand_name"><span class="txt_box">AMH</span></button><ul class="icon_list"><li class="tooltip_area p_relative swiper-no-swiping"><div id="__MoreInfoButton__"><button class="none_style_btn"><span class="dp_i_flex svg_box "><svg width="16" height="16" viewBox="0 0 16 17" fill="none" xmlns="http://www.w3.org/2000/svg"><path d="M8.00001 5.66671C7.8468 5.66671 7.69509 5.63653 7.55355 5.5779C7.412 5.51927 7.28339 5.43333 7.17505 5.325C7.06672 5.21666 6.98078 5.08805 6.92215 4.9465C6.86352 4.80496 6.83334 4.65325 6.83334 4.50004C6.83334 4.34683 6.86352 4.19512 6.92215 4.05358C6.98078 3.91203 7.06672 3.78342 7.17505 3.67508C7.28339 3.56675 7.412 3.48081 7.55355 3.42218C7.69509 3.36355 7.8468 3.33337 8.00001 3.33337C8.30943 3.33337 8.60618 3.45629 8.82497 3.67508C9.04376 3.89388 9.16668 4.19062 9.16668 4.50004C9.16668 4.80946 9.04376 5.10621 8.82497 5.325C8.60618 5.54379 8.30943 5.66671 8.00001 5.66671ZM8.00001 9.66671C7.69059 9.66671 7.39384 9.54379 7.17505 9.325C6.95626 9.10621 6.83334 8.80946 6.83334 8.50004C6.83334 8.19062 6.95626 7.89388 7.17505 7.67508C7.39384 7.45629 7.69059 7.33337 8.00001 7.33337C8.30943 7.33337 8.60618 7.45629 8.82497 7.67508C9.04376 7.89388 9.16668 8.19062 9.16668 8.50004C9.16668 8.80946 9.04376 9.10621 8.82497 9.325C8.60618 9.54379 8.30943 9.66671 8.00001 9.66671ZM6.83334 12.5C6.83334 12.8095 6.95626 13.1062 7.17505 13.325C7.39384 13.5438 7.69059 13.6667 8.00001 13.6667C8.30943 13.6667 8.60618 13.5438 8.82497 13.325C9.04376 13.1062 9.16668 12.8095 9.16668 12.5C9.16668 12.1906 9.04376 11.8939 8.82497 11.6751C8.60618 11.4563 8.30943 11.3334 8.00001 11.3334C7.69059 11.3334 7.39384 11.4563 7.17505 11.6751C6.95626 11.8939 6.83334 12.1906 6.83334 12.5Z" fill="#232221"></path></svg></span></button></div></li></ul></div><ul class="category_wrap"><li class="category_info storage_type"><span class="dp_i_flex svg_box "><svg width="12" height="12" viewBox="0 0 12 12" fill="none" xmlns="http://www.w3.org/2000/svg"><path d="M5.875 1C5.97446 1 6.06984 1.03951 6.14016 1.10983C6.21049 1.18016 6.25 1.27554 6.25 1.375V2.9525L7.3165 1.8855C7.35133 1.85067 7.39269 1.82304 7.4382 1.80418C7.48371 1.78533 7.53249 1.77563 7.58175 1.77563C7.63101 1.77563 7.67979 1.78533 7.7253 1.80418C7.77081 1.82304 7.81217 1.85067 7.847 1.8855C7.88183 1.92033 7.90946 1.96169 7.92832 2.0072C7.94717 2.05271 7.95687 2.10149 7.95687 2.15075C7.95687 2.20001 7.94717 2.24879 7.92832 2.2943C7.90946 2.33981 7.88183 2.38117 7.847 2.416L6.25 4.013V5.5H7.737L9.334 3.903C9.40509 3.83676 9.49911 3.8007 9.59626 3.80241C9.69341 3.80413 9.7861 3.84348 9.85481 3.91219C9.92352 3.9809 9.96287 4.07359 9.96459 4.17074C9.9663 4.26789 9.93024 4.36191 9.864 4.433L8.798 5.5H10.3755C10.475 5.5 10.5703 5.53951 10.6407 5.60984C10.711 5.68016 10.7505 5.77554 10.7505 5.875C10.7505 5.97446 10.711 6.06984 10.6407 6.14016C10.5703 6.21049 10.475 6.25 10.3755 6.25H8.798L9.865 7.3165C9.89983 7.35133 9.92746 7.39269 9.94632 7.4382C9.96517 7.48371 9.97487 7.53249 9.97487 7.58175C9.97487 7.63101 9.96517 7.67979 9.94632 7.7253C9.92746 7.77081 9.89983 7.81217 9.865 7.847C9.83017 7.88183 9.78881 7.90946 9.7433 7.92832C9.69779 7.94717 9.64901 7.95687 9.59975 7.95687C9.55049 7.95687 9.50171 7.94717 9.4562 7.92832C9.41069 7.90946 9.36933 7.88183 9.3345 7.847L7.737 6.25H6.25V7.737L7.847 9.334C7.91324 9.40509 7.9493 9.49911 7.94759 9.59626C7.94587 9.69341 7.90652 9.7861 7.83781 9.85481C7.7691 9.92352 7.67641 9.96287 7.57926 9.96459C7.48211 9.9663 7.38809 9.93024 7.317 9.864L6.25 8.798V10.3755C6.25 10.475 6.21049 10.5703 6.14016 10.6407C6.06984 10.711 5.97446 10.7505 5.875 10.7505C5.77554 10.7505 5.68016 10.711 5.60984 10.6407C5.53951 10.5703 5.5 10.475 5.5 10.3755V8.798L4.4335 9.865C4.39867 9.89983 4.35731 9.92746 4.3118 9.94632C4.26629 9.96517 4.21751 9.97487 4.16825 9.97487C4.11899 9.97487 4.07021 9.96517 4.0247 9.94632C3.97919 9.92746 3.93783 9.89983 3.903 9.865C3.86817 9.83017 3.84054 9.78881 3.82168 9.7433C3.80283 9.69779 3.79313 9.64901 3.79313 9.59975C3.79313 9.55049 3.80283 9.50171 3.82168 9.4562C3.84054 9.41069 3.86817 9.36933 3.903 9.3345L5.5 7.737V6.25H4.013L2.416 7.847C2.34491 7.91324 2.25089 7.9493 2.15374 7.94759C2.05659 7.94587 1.9639 7.90652 1.89519 7.83781C1.82648 7.7691 1.78713 7.67641 1.78541 7.57926C1.7837 7.48211 1.81976 7.38809 1.886 7.317L2.952 6.25H1.375C1.27554 6.25 1.18016 6.21049 1.10983 6.14016C1.03951 6.06984 1 5.97446 1 5.875C1 5.77554 1.03951 5.68016 1.10983 5.60984C1.18016 5.53951 1.27554 5.5 1.375 5.5H2.9525L1.885 4.4335C1.81465 4.36315 1.77513 4.26774 1.77513 4.16825C1.77513 4.06876 1.81465 3.97335 1.885 3.903C1.95535 3.83265 2.05076 3.79313 2.15025 3.79313C2.24974 3.79313 2.34515 3.83265 2.4155 3.903L4.013 5.5H5.5V4.013L3.903 2.416C3.86616 2.38167 3.83661 2.34027 3.81611 2.29427C3.79561 2.24827 3.78459 2.19861 3.7837 2.14826C3.78282 2.09791 3.79208 2.0479 3.81094 2.0012C3.8298 1.95451 3.85787 1.91209 3.89348 1.87648C3.92909 1.84087 3.97151 1.8128 4.0182 1.79394C4.0649 1.77508 4.11491 1.76582 4.16526 1.7667C4.21561 1.76759 4.26527 1.77861 4.31127 1.79911C4.35727 1.81961 4.39867 1.84916 4.433 1.886L5.5 2.952V1.375C5.5 1.27554 5.53951 1.18016 5.60984 1.10983C5.68016 1.03951 5.77554 1 5.875 1Z" fill="#318CF7"></path></svg></span><span class="txt_box" style="color:#318CF7">냉동</span></li><li class="category_info flex_all_center gap_2"><span class="txt_box">수입소</span><span class="dp_i_flex svg_box "><svg xmlns="http://www.w3.org/2000/svg" width="8" height="8" viewBox="0 0 12 12" fill="none"><path d="M4.14678 2.14652C4.05305 2.24028 4.00039 2.36743 4.00039 2.50002C4.00039 2.6326 4.05305 2.75975 4.14678 2.85352L7.29328 6.00002L4.14678 9.14651C4.09903 9.19264 4.06094 9.24781 4.03473 9.30881C4.00853 9.36981 3.99474 9.43543 3.99416 9.50181C3.99358 9.5682 4.00623 9.63404 4.03137 9.69549C4.05651 9.75694 4.09364 9.81277 4.14059 9.85971C4.18753 9.90666 4.24336 9.94379 4.30481 9.96893C4.36626 9.99407 4.4321 10.0067 4.49849 10.0061C4.56487 10.0056 4.63048 9.99177 4.69149 9.96557C4.75249 9.93936 4.80766 9.90127 4.85378 9.85352L8.35379 6.35352C8.44752 6.25975 8.50018 6.1326 8.50018 6.00002C8.50018 5.86743 8.44752 5.74028 8.35379 5.64652L4.85378 2.14652C4.76002 2.05278 4.63287 2.00012 4.50028 2.00012C4.3677 2.00012 4.24055 2.05278 4.14678 2.14652Z" fill="#BABEC4"></path></svg></span><span class="txt_box">세절&amp;분쇄</span></li></ul><p class="product_name">[업소용/슬라이스] 부채살20mm - 호주 | AMH - S</p><span class="sample_grey_text">구이용/스테이크용 10kg(1kg*10ea)</span><div class="price_wrap"><span class="price_info"><em>183,900원</em></span><span class="price_unit">kg당 18,390원 | 총 10kg</span></div><div class="txt_label_wrap"><span class="txt_area_label label--warm"><span class="label__text">택배</span></span></div><ul class="rating_wrap"><li><span class="txt_box">재고 <!-- -->7</span></li></ul></div></div></div></div><div class="swiper-slide"><div class="bgInherit" style="cursor:pointer"><div role="button" class="product_card type1 stack_vertical false"><div class="img_wrap"><div class="bg_wrap"><p class="absolute_full"><img alt="상품_섬네일_이미지" loading="lazy" width="500" height="500" decoding="async" data-nimg="1" class="full_image" style="color:transparent" src="https://img-cdn.meatbox.co.kr/m/images/itemImage/2025/05/20/16/37/mo_thumb_productThumbnail_139751_20250520163704.jpg"/></p><div class="label_area" style="cursor:pointer"><div class="balloon_label pink  "><span class="txt_box">품절 예정</span><span class="angle-pixel left_top"></span></div><div class="none_style_btn cart_button"><button class="clear_button " type="button"><div class="p_relative util_item"><span class="dp_i_flex svg_box "><svg width="32" height="32" viewBox="0 0 32 32" fill="none" xmlns="http://www.w3.org/2000/svg"><path d="M0 16C0 7.16344 7.16344 0 16 0C24.8366 0 32 7.16344 32 16C32 24.8366 24.8366 32 16 32C7.16344 32 0 24.8366 0 16Z" fill="#232221" fill-opacity="0.5"></path><path fill-rule="evenodd" clip-rule="evenodd" d="M8.32286 7.90084C8.65386 7.80292 9.00157 7.99187 9.09949 8.32286L9.55871 9.87516H21.7702C23.3041 9.87516 24.4742 11.305 24.0321 12.8005L22.6537 17.4672C22.359 18.4613 21.4274 19.1252 20.3918 19.1252H12.7602C11.7241 19.1252 10.7914 18.4613 10.4975 17.4674L7.90084 8.67746C7.80292 8.34647 7.99187 7.99876 8.32286 7.90084ZM9.92806 11.1252L11.6962 17.1129C11.8256 17.5507 12.2513 17.8752 12.7602 17.8752H20.3918C20.8994 17.8752 21.3246 17.5519 21.455 17.1129L22.8333 12.4465C23.0209 11.8121 22.5328 11.1252 21.7702 11.1252H9.92806ZM11.7577 20.9243C12.1093 20.5727 12.5862 20.3752 13.0835 20.3752C13.5808 20.3752 14.0577 20.5727 14.4093 20.9243C14.761 21.276 14.9585 21.7529 14.9585 22.2502C14.9585 22.7474 14.761 23.2244 14.4093 23.576C14.0577 23.9276 13.5808 24.1252 13.0835 24.1252C12.5862 24.1252 12.1093 23.9276 11.7577 23.576C11.406 23.2244 11.2085 22.7474 11.2085 22.2502C11.2085 21.7529 11.406 21.276 11.7577 20.9243ZM13.0835 21.6252C12.9177 21.6252 12.7588 21.691 12.6416 21.8082C12.5243 21.9254 12.4585 22.0844 12.4585 22.2502C12.4585 22.4159 12.5243 22.5749 12.6416 22.6921C12.7588 22.8093 12.9177 22.8752 13.0835 22.8752C13.2493 22.8752 13.4082 22.8093 13.5254 22.6921C13.6426 22.5749 13.7085 22.4159 13.7085 22.2502C13.7085 22.0844 13.6426 21.9254 13.5254 21.8082C13.4082 21.691 13.2493 21.6252 13.0835 21.6252ZM18.4243 20.9243C18.776 20.5727 19.2529 20.3752 19.7502 20.3752C20.2474 20.3752 20.7244 20.5727 21.076 20.9243C21.4276 21.276 21.6252 21.7529 21.6252 22.2502C21.6252 22.7474 21.4276 23.2244 21.076 23.576C20.7244 23.9276 20.2474 24.1252 19.7502 24.1252C19.2529 24.1252 18.776 23.9276 18.4243 23.576C18.0727 23.2244 17.8752 22.7474 17.8752 22.2502C17.8752 21.7529 18.0727 21.276 18.4243 20.9243ZM19.7502 21.6252C19.5844 21.6252 19.4254 21.691 19.3082 21.8082C19.191 21.9254 19.1252 22.0844 19.1252 22.2502C19.1252 22.4159 19.191 22.5749 19.3082 22.6921C19.4254 22.8093 19.5844 22.8752 19.7502 22.8752C19.9159 22.8752 20.0749 22.8093 20.1921 22.6921C20.3093 22.5749 20.3752 22.4159 20.3752 22.2502C20.3752 22.0844 20.3093 21.9254 20.1921 21.8082C20.0749 21.691 19.9159 21.6252 19.7502 21.6252Z" fill="white"></path></svg></span></div><span class="txt_box sr-only">장바구니버튼</span></button></div></div></div></div><div class="txt_wrap mt_8" style="overflow:hidden"><div class="flex_side"><button class="none_style_btn btn_brand_name"><span class="txt_box">AMH</span></button><ul class="icon_list"><li class="tooltip_area p_relative swiper-no-swiping"><div id="__MoreInfoButton__"><button class="none_style_btn"><span class="dp_i_flex svg_box "><svg width="16" height="16" viewBox="0 0 16 17" fill="none" xmlns="http://www.w3.org/2000/svg"><path d="M8.00001 5.66671C7.8468 5.66671 7.69509 5.63653 7.55355 5.5779C7.412 5.51927 7.28339 5.43333 7.17505 5.325C7.06672 5.21666 6.98078 5.08805 6.92215 4.9465C6.86352 4.80496 6.83334 4.65325 6.83334 4.50004C6.83334 4.34683 6.86352 4.19512 6.92215 4.05358C6.98078 3.91203 7.06672 3.78342 7.17505 3.67508C7.28339 3.56675 7.412 3.48081 7.55355 3.42218C7.69509 3.36355 7.8468 3.33337 8.00001 3.33337C8.30943 3.33337 8.60618 3.45629 8.82497 3.67508C9.04376 3.89388 9.16668 4.19062 9.16668 4.50004C9.16668 4.80946 9.04376 5.10621 8.82497 5.325C8.60618 5.54379 8.30943 5.66671 8.00001 5.66671ZM8.00001 9.66671C7.69059 9.66671 7.39384 9.54379 7.17505 9.325C6.95626 9.10621 6.83334 8.80946 6.83334 8.50004C6.83334 8.19062 6.95626 7.89388 7.17505 7.67508C7.39384 7.45629 7.69059 7.33337 8.00001 7.33337C8.30943 7.33337 8.60618 7.45629 8.82497 7.67508C9.04376 7.89388 9.16668 8.19062 9.16668 8.50004C9.16668 8.80946 9.04376 9.10621 8.82497 9.325C8.60618 9.54379 8.30943 9.66671 8.00001 9.66671ZM6.83334 12.5C6.83334 12.8095 6.95626 13.1062 7.17505 13.325C7.39384 13.5438 7.69059 13.6667 8.00001 13.6667C8.30943 13.6667 8.60618 13.5438 8.82497 13.325C9.04376 13.1062 9.16668 12.8095 9.16668 12.5C9.16668 12.1906 9.04376 11.8939 8.82497 11.6751C8.60618 11.4563 8.30943 11.3334 8.00001 11.3334C7.69059 11.3334 7.39384 11.4563 7.17505 11.6751C6.95626 11.8939 6.83334 12.1906 6.83334 12.5Z" fill="#232221"></path></svg></span></button></div></li></ul></div><ul class="category_wrap"><li class="category_info storage_type"><span class="dp_i_flex svg_box "><svg width="12" height="12" viewBox="0 0 12 12" fill="none" xmlns="http://www.w3.org/2000/svg"><path d="M5.875 1C5.97446 1 6.06984 1.03951 6.14016 1.10983C6.21049 1.18016 6.25 1.27554 6.25 1.375V2.9525L7.3165 1.8855C7.35133 1.85067 7.39269 1.82304 7.4382 1.80418C7.48371 1.78533 7.53249 1.77563 7.58175 1.77563C7.63101 1.77563 7.67979 1.78533 7.7253 1.80418C7.77081 1.82304 7.81217 1.85067 7.847 1.8855C7.88183 1.92033 7.90946 1.96169 7.92832 2.0072C7.94717 2.05271 7.95687 2.10149 7.95687 2.15075C7.95687 2.20001 7.94717 2.24879 7.92832 2.2943C7.90946 2.33981 7.88183 2.38117 7.847 2.416L6.25 4.013V5.5H7.737L9.334 3.903C9.40509 3.83676 9.49911 3.8007 9.59626 3.80241C9.69341 3.80413 9.7861 3.84348 9.85481 3.91219C9.92352 3.9809 9.96287 4.07359 9.96459 4.17074C9.9663 4.26789 9.93024 4.36191 9.864 4.433L8.798 5.5H10.3755C10.475 5.5 10.5703 5.53951 10.6407 5.60984C10.711 5.68016 10.7505 5.77554 10.7505 5.875C10.7505 5.97446 10.711 6.06984 10.6407 6.14016C10.5703 6.21049 10.475 6.25 10.3755 6.25H8.798L9.865 7.3165C9.89983 7.35133 9.92746 7.39269 9.94632 7.4382C9.96517 7.48371 9.97487 7.53249 9.97487 7.58175C9.97487 7.63101 9.96517 7.67979 9.94632 7.7253C9.92746 7.77081 9.89983 7.81217 9.865 7.847C9.83017 7.88183 9.78881 7.90946 9.7433 7.92832C9.69779 7.94717 9.64901 7.95687 9.59975 7.95687C9.55049 7.95687 9.50171 7.94717 9.4562 7.92832C9.41069 7.90946 9.36933 7.88183 9.3345 7.847L7.737 6.25H6.25V7.737L7.847 9.334C7.91324 9.40509 7.9493 9.49911 7.94759 9.59626C7.94587 9.69341 7.90652 9.7861 7.83781 9.85481C7.7691 9.92352 7.67641 9.96287 7.57926 9.96459C7.48211 9.9663 7.38809 9.93024 7.317 9.864L6.25 8.798V10.3755C6.25 10.475 6.21049 10.5703 6.14016 10.6407C6.06984 10.711 5.97446 10.7505 5.875 10.7505C5.77554 10.7505 5.68016 10.711 5.60984 10.6407C5.53951 10.5703 5.5 10.475 5.5 10.3755V8.798L4.4335 9.865C4.39867 9.89983 4.35731 9.92746 4.3118 9.94632C4.26629 9.96517 4.21751 9.97487 4.16825 9.97487C4.11899 9.97487 4.07021 9.96517 4.0247 9.94632C3.97919 9.92746 3.93783 9.89983 3.903 9.865C3.86817 9.83017 3.84054 9.78881 3.82168 9.7433C3.80283 9.69779 3.79313 9.64901 3.79313 9.59975C3.79313 9.55049 3.80283 9.50171 3.82168 9.4562C3.84054 9.41069 3.86817 9.36933 3.903 9.3345L5.5 7.737V6.25H4.013L2.416 7.847C2.34491 7.91324 2.25089 7.9493 2.15374 7.94759C2.05659 7.94587 1.9639 7.90652 1.89519 7.83781C1.82648 7.7691 1.78713 7.67641 1.78541 7.57926C1.7837 7.48211 1.81976 7.38809 1.886 7.317L2.952 6.25H1.375C1.27554 6.25 1.18016 6.21049 1.10983 6.14016C1.03951 6.06984 1 5.97446 1 5.875C1 5.77554 1.03951 5.68016 1.10983 5.60984C1.18016 5.53951 1.27554 5.5 1.375 5.5H2.9525L1.885 4.4335C1.81465 4.36315 1.77513 4.26774 1.77513 4.16825C1.77513 4.06876 1.81465 3.97335 1.885 3.903C1.95535 3.83265 2.05076 3.79313 2.15025 3.79313C2.24974 3.79313 2.34515 3.83265 2.4155 3.903L4.013 5.5H5.5V4.013L3.903 2.416C3.86616 2.38167 3.83661 2.34027 3.81611 2.29427C3.79561 2.24827 3.78459 2.19861 3.7837 2.14826C3.78282 2.09791 3.79208 2.0479 3.81094 2.0012C3.8298 1.95451 3.85787 1.91209 3.89348 1.87648C3.92909 1.84087 3.97151 1.8128 4.0182 1.79394C4.0649 1.77508 4.11491 1.76582 4.16526 1.7667C4.21561 1.76759 4.26527 1.77861 4.31127 1.79911C4.35727 1.81961 4.39867 1.84916 4.433 1.886L5.5 2.952V1.375C5.5 1.27554 5.53951 1.18016 5.60984 1.10983C5.68016 1.03951 5.77554 1 5.875 1Z" fill="#318CF7"></path></svg></span><span class="txt_box" style="color:#318CF7">냉동</span></li><li class="category_info flex_all_center gap_2"><span class="txt_box">수입소</span><span class="dp_i_flex svg_box "><svg xmlns="http://www.w3.org/2000/svg" width="8" height="8" viewBox="0 0 12 12" fill="none"><path d="M4.14678 2.14652C4.05305 2.24028 4.00039 2.36743 4.00039 2.50002C4.00039 2.6326 4.05305 2.75975 4.14678 2.85352L7.29328 6.00002L4.14678 9.14651C4.09903 9.19264 4.06094 9.24781 4.03473 9.30881C4.00853 9.36981 3.99474 9.43543 3.99416 9.50181C3.99358 9.5682 4.00623 9.63404 4.03137 9.69549C4.05651 9.75694 4.09364 9.81277 4.14059 9.85971C4.18753 9.90666 4.24336 9.94379 4.30481 9.96893C4.36626 9.99407 4.4321 10.0067 4.49849 10.0061C4.56487 10.0056 4.63048 9.99177 4.69149 9.96557C4.75249 9.93936 4.80766 9.90127 4.85378 9.85352L8.35379 6.35352C8.44752 6.25975 8.50018 6.1326 8.50018 6.00002C8.50018 5.86743 8.44752 5.74028 8.35379 5.64652L4.85378 2.14652C4.76002 2.05278 4.63287 2.00012 4.50028 2.00012C4.3677 2.00012 4.24055 2.05278 4.14678 2.14652Z" fill="#BABEC4"></path></svg></span><span class="txt_box">세절&amp;분쇄</span></li></ul><p class="product_name">[소량/슬라이스] 부채살20mm - 호주 | AMH - S</p><span class="sample_grey_text">구이용/스테이크용 3kg(1kg*3ea)</span><div class="price_wrap"><span class="price_info"><em>57,600원</em></span><span class="price_unit">100g당 1,920원 | 총 3,000g</span></div><div class="txt_label_wrap"><span class="txt_area_label label--warm"><span class="label__text">택배</span></span></div><ul class="rating_wrap"><li><span class="txt_box">재고 <!-- -->2</span></li></ul></div></div></div></div><div class="swiper-slide"><div class="bgInherit" style="cursor:pointer"><div role="button" class="product_card type1 stack_vertical false"><div class="img_wrap"><div class="bg_wrap"><p class="absolute_full"><img alt="상품_섬네일_이미지" loading="lazy" width="500" height="500" decoding="async" data-nimg="1" class="full_image" style="color:transparent" src="https://img-cdn.meatbox.co.kr/m/images/itemImage/2025/05/20/16/36/mo_thumb_productThumbnail_139751_20250520163622.jpg"/></p><div class="label_area" style="cursor:pointer"><div class="none_style_btn cart_button"><button class="clear_button " type="button"><div class="p_relative util_item"><span class="dp_i_flex svg_box "><svg width="32" height="32" viewBox="0 0 32 32" fill="none" xmlns="http://www.w3.org/2000/svg"><path d="M0 16C0 7.16344 7.16344 0 16 0C24.8366 0 32 7.16344 32 16C32 24.8366 24.8366 32 16 32C7.16344 32 0 24.8366 0 16Z" fill="#232221" fill-opacity="0.5"></path><path fill-rule="evenodd" clip-rule="evenodd" d="M8.32286 7.90084C8.65386 7.80292 9.00157 7.99187 9.09949 8.32286L9.55871 9.87516H21.7702C23.3041 9.87516 24.4742 11.305 24.0321 12.8005L22.6537 17.4672C22.359 18.4613 21.4274 19.1252 20.3918 19.1252H12.7602C11.7241 19.1252 10.7914 18.4613 10.4975 17.4674L7.90084 8.67746C7.80292 8.34647 7.99187 7.99876 8.32286 7.90084ZM9.92806 11.1252L11.6962 17.1129C11.8256 17.5507 12.2513 17.8752 12.7602 17.8752H20.3918C20.8994 17.8752 21.3246 17.5519 21.455 17.1129L22.8333 12.4465C23.0209 11.8121 22.5328 11.1252 21.7702 11.1252H9.92806ZM11.7577 20.9243C12.1093 20.5727 12.5862 20.3752 13.0835 20.3752C13.5808 20.3752 14.0577 20.5727 14.4093 20.9243C14.761 21.276 14.9585 21.7529 14.9585 22.2502C14.9585 22.7474 14.761 23.2244 14.4093 23.576C14.0577 23.9276 13.5808 24.1252 13.0835 24.1252C12.5862 24.1252 12.1093 23.9276 11.7577 23.576C11.406 23.2244 11.2085 22.7474 11.2085 22.2502C11.2085 21.7529 11.406 21.276 11.7577 20.9243ZM13.0835 21.6252C12.9177 21.6252 12.7588 21.691 12.6416 21.8082C12.5243 21.9254 12.4585 22.0844 12.4585 22.2502C12.4585 22.4159 12.5243 22.5749 12.6416 22.6921C12.7588 22.8093 12.9177 22.8752 13.0835 22.8752C13.2493 22.8752 13.4082 22.8093 13.5254 22.6921C13.6426 22.5749 13.7085 22.4159 13.7085 22.2502C13.7085 22.0844 13.6426 21.9254 13.5254 21.8082C13.4082 21.691 13.2493 21.6252 13.0835 21.6252ZM18.4243 20.9243C18.776 20.5727 19.2529 20.3752 19.7502 20.3752C20.2474 20.3752 20.7244 20.5727 21.076 20.9243C21.4276 21.276 21.6252 21.7529 21.6252 22.2502C21.6252 22.7474 21.4276 23.2244 21.076 23.576C20.7244 23.9276 20.2474 24.1252 19.7502 24.1252C19.2529 24.1252 18.776 23.9276 18.4243 23.576C18.0727 23.2244 17.8752 22.7474 17.8752 22.2502C17.8752 21.7529 18.0727 21.276 18.4243 20.9243ZM19.7502 21.6252C19.5844 21.6252 19.4254 21.691 19.3082 21.8082C19.191 21.9254 19.1252 22.0844 19.1252 22.2502C19.1252 22.4159 19.191 22.5749 19.3082 22.6921C19.4254 22.8093 19.5844 22.8752 19.7502 22.8752C19.9159 22.8752 20.0749 22.8093 20.1921 22.6921C20.3093 22.5749 20.3752 22.4159 20.3752 22.2502C20.3752 22.0844 20.3093 21.9254 20.1921 21.8082C20.0749 21.691 19.9159 21.6252 19.7502 21.6252Z" fill="white"></path></svg></span></div><span class="txt_box sr-only">장바구니버튼</span></button></div></div></div></div><div class="txt_wrap mt_8" style="overflow:hidden"><div class="flex_side"><button class="none_style_btn btn_brand_name"><span class="txt_box">AMH</span></button><ul class="icon_list"><li class="tooltip_area p_relative swiper-no-swiping"><div id="__MoreInfoButton__"><button class="none_style_btn"><span class="dp_i_flex svg_box "><svg width="16" height="16" viewBox="0 0 16 17" fill="none" xmlns="http://www.w3.org/2000/svg"><path d="M8.00001 5.66671C7.8468 5.66671 7.69509 5.63653 7.55355 5.5779C7.412 5.51927 7.28339 5.43333 7.17505 5.325C7.06672 5.21666 6.98078 5.08805 6.92215 4.9465C6.86352 4.80496 6.83334 4.65325 6.83334 4.50004C6.83334 4.34683 6.86352 4.19512 6.92215 4.05358C6.98078 3.91203 7.06672 3.78342 7.17505 3.67508C7.28339 3.56675 7.412 3.48081 7.55355 3.42218C7.69509 3.36355 7.8468 3.33337 8.00001 3.33337C8.30943 3.33337 8.60618 3.45629 8.82497 3.67508C9.04376 3.89388 9.16668 4.19062 9.16668 4.50004C9.16668 4.80946 9.04376 5.10621 8.82497 5.325C8.60618 5.54379 8.30943 5.66671 8.00001 5.66671ZM8.00001 9.66671C7.69059 9.66671 7.39384 9.54379 7.17505 9.325C6.95626 9.10621 6.83334 8.80946 6.83334 8.50004C6.83334 8.19062 6.95626 7.89388 7.17505 7.67508C7.39384 7.45629 7.69059 7.33337 8.00001 7.33337C8.30943 7.33337 8.60618 7.45629 8.82497 7.67508C9.04376 7.89388 9.16668 8.19062 9.16668 8.50004C9.16668 8.80946 9.04376 9.10621 8.82497 9.325C8.60618 9.54379 8.30943 9.66671 8.00001 9.66671ZM6.83334 12.5C6.83334 12.8095 6.95626 13.1062 7.17505 13.325C7.39384 13.5438 7.69059 13.6667 8.00001 13.6667C8.30943 13.6667 8.60618 13.5438 8.82497 13.325C9.04376 13.1062 9.16668 12.8095 9.16668 12.5C9.16668 12.1906 9.04376 11.8939 8.82497 11.6751C8.60618 11.4563 8.30943 11.3334 8.00001 11.3334C7.69059 11.3334 7.39384 11.4563 7.17505 11.6751C6.95626 11.8939 6.83334 12.1906 6.83334 12.5Z" fill="#232221"></path></svg></span></button></div></li></ul></div><ul class="category_wrap"><li class="category_info storage_type"><span class="dp_i_flex svg_box "><svg width="12" height="12" viewBox="0 0 12 12" fill="none" xmlns="http://www.w3.org/2000/svg"><path d="M5.875 1C5.97446 1 6.06984 1.03951 6.14016 1.10983C6.21049 1.18016 6.25 1.27554 6.25 1.375V2.9525L7.3165 1.8855C7.35133 1.85067 7.39269 1.82304 7.4382 1.80418C7.48371 1.78533 7.53249 1.77563 7.58175 1.77563C7.63101 1.77563 7.67979 1.78533 7.7253 1.80418C7.77081 1.82304 7.81217 1.85067 7.847 1.8855C7.88183 1.92033 7.90946 1.96169 7.92832 2.0072C7.94717 2.05271 7.95687 2.10149 7.95687 2.15075C7.95687 2.20001 7.94717 2.24879 7.92832 2.2943C7.90946 2.33981 7.88183 2.38117 7.847 2.416L6.25 4.013V5.5H7.737L9.334 3.903C9.40509 3.83676 9.49911 3.8007 9.59626 3.80241C9.69341 3.80413 9.7861 3.84348 9.85481 3.91219C9.92352 3.9809 9.96287 4.07359 9.96459 4.17074C9.9663 4.26789 9.93024 4.36191 9.864 4.433L8.798 5.5H10.3755C10.475 5.5 10.5703 5.53951 10.6407 5.60984C10.711 5.68016 10.7505 5.77554 10.7505 5.875C10.7505 5.97446 10.711 6.06984 10.6407 6.14016C10.5703 6.21049 10.475 6.25 10.3755 6.25H8.798L9.865 7.3165C9.89983 7.35133 9.92746 7.39269 9.94632 7.4382C9.96517 7.48371 9.97487 7.53249 9.97487 7.58175C9.97487 7.63101 9.96517 7.67979 9.94632 7.7253C9.92746 7.77081 9.89983 7.81217 9.865 7.847C9.83017 7.88183 9.78881 7.90946 9.7433 7.92832C9.69779 7.94717 9.64901 7.95687 9.59975 7.95687C9.55049 7.95687 9.50171 7.94717 9.4562 7.92832C9.41069 7.90946 9.36933 7.88183 9.3345 7.847L7.737 6.25H6.25V7.737L7.847 9.334C7.91324 9.40509 7.9493 9.49911 7.94759 9.59626C7.94587 9.69341 7.90652 9.7861 7.83781 9.85481C7.7691 9.92352 7.67641 9.96287 7.57926 9.96459C7.48211 9.9663 7.38809 9.93024 7.317 9.864L6.25 8.798V10.3755C6.25 10.475 6.21049 10.5703 6.14016 10.6407C6.06984 10.711 5.97446 10.7505 5.875 10.7505C5.77554 10.7505 5.68016 10.711 5.60984 10.6407C5.53951 10.5703 5.5 10.475 5.5 10.3755V8.798L4.4335 9.865C4.39867 9.89983 4.35731 9.92746 4.3118 9.94632C4.26629 9.96517 4.21751 9.97487 4.16825 9.97487C4.11899 9.97487 4.07021 9.96517 4.0247 9.94632C3.97919 9.92746 3.93783 9.89983 3.903 9.865C3.86817 9.83017 3.84054 9.78881 3.82168 9.7433C3.80283 9.69779 3.79313 9.64901 3.79313 9.59975C3.79313 9.55049 3.80283 9.50171 3.82168 9.4562C3.84054 9.41069 3.86817 9.36933 3.903 9.3345L5.5 7.737V6.25H4.013L2.416 7.847C2.34491 7.91324 2.25089 7.9493 2.15374 7.94759C2.05659 7.94587 1.9639 7.90652 1.89519 7.83781C1.82648 7.7691 1.78713 7.67641 1.78541 7.57926C1.7837 7.48211 1.81976 7.38809 1.886 7.317L2.952 6.25H1.375C1.27554 6.25 1.18016 6.21049 1.10983 6.14016C1.03951 6.06984 1 5.97446 1 5.875C1 5.77554 1.03951 5.68016 1.10983 5.60984C1.18016 5.53951 1.27554 5.5 1.375 5.5H2.9525L1.885 4.4335C1.81465 4.36315 1.77513 4.26774 1.77513 4.16825C1.77513 4.06876 1.81465 3.97335 1.885 3.903C1.95535 3.83265 2.05076 3.79313 2.15025 3.79313C2.24974 3.79313 2.34515 3.83265 2.4155 3.903L4.013 5.5H5.5V4.013L3.903 2.416C3.86616 2.38167 3.83661 2.34027 3.81611 2.29427C3.79561 2.24827 3.78459 2.19861 3.7837 2.14826C3.78282 2.09791 3.79208 2.0479 3.81094 2.0012C3.8298 1.95451 3.85787 1.91209 3.89348 1.87648C3.92909 1.84087 3.97151 1.8128 4.0182 1.79394C4.0649 1.77508 4.11491 1.76582 4.16526 1.7667C4.21561 1.76759 4.26527 1.77861 4.31127 1.79911C4.35727 1.81961 4.39867 1.84916 4.433 1.886L5.5 2.952V1.375C5.5 1.27554 5.53951 1.18016 5.60984 1.10983C5.68016 1.03951 5.77554 1 5.875 1Z" fill="#318CF7"></path></svg></span><span class="txt_box" style="color:#318CF7">냉동</span></li><li class="category_info flex_all_center gap_2"><span class="txt_box">수입소</span><span class="dp_i_flex svg_box "><svg xmlns="http://www.w3.org/2000/svg" width="8" height="8" viewBox="0 0 12 12" fill="none"><path d="M4.14678 2.14652C4.05305 2.24028 4.00039 2.36743 4.00039 2.50002C4.00039 2.6326 4.05305 2.75975 4.14678 2.85352L7.29328 6.00002L4.14678 9.14651C4.09903 9.19264 4.06094 9.24781 4.03473 9.30881C4.00853 9.36981 3.99474 9.43543 3.99416 9.50181C3.99358 9.5682 4.00623 9.63404 4.03137 9.69549C4.05651 9.75694 4.09364 9.81277 4.14059 9.85971C4.18753 9.90666 4.24336 9.94379 4.30481 9.96893C4.36626 9.99407 4.4321 10.0067 4.49849 10.0061C4.56487 10.0056 4.63048 9.99177 4.69149 9.96557C4.75249 9.93936 4.80766 9.90127 4.85378 9.85352L8.35379 6.35352C8.44752 6.25975 8.50018 6.1326 8.50018 6.00002C8.50018 5.86743 8.44752 5.74028 8.35379 5.64652L4.85378 2.14652C4.76002 2.05278 4.63287 2.00012 4.50028 2.00012C4.3677 2.00012 4.24055 2.05278 4.14678 2.14652Z" fill="#BABEC4"></path></svg></span><span class="txt_box">세절&amp;분쇄</span></li></ul><p class="product_name">[소량/슬라이스] 부채살20mm - 호주 | AMH - S</p><span class="sample_grey_text">구이용/스테이크용 1kg</span><div class="price_wrap"><span class="price_info"><em>22,130원</em></span><span class="price_unit">100g당 2,213원 | 총 1,000g</span></div><div class="txt_label_wrap"><span class="txt_area_label label--warm"><span class="label__text">택배</span></span></div><ul class="rating_wrap"><li><span class="txt_box">재고 <!-- -->6</span></li></ul></div></div></div></div><div class="swiper-slide"><div class="bgInherit" style="cursor:pointer"><div role="button" class="product_card type1 stack_vertical false"><div class="img_wrap"><div class="bg_wrap"><p class="absolute_full"><img alt="상품_섬네일_이미지" loading="lazy" width="500" height="500" decoding="async" data-nimg="1" class="full_image" style="color:transparent" src="https://img-cdn.meatbox.co.kr/m/images/itemImage/2025/05/20/16/35/mo_thumb_productThumbnail_139751_20250520163544.jpg"/></p><div class="label_area" style="cursor:pointer"><div class="none_style_btn cart_button"><button class="clear_button " type="button"><div class="p_relative util_item"><span class="dp_i_flex svg_box "><svg width="32" height="32" viewBox="0 0 32 32" fill="none" xmlns="http://www.w3.org/2000/svg"><path d="M0 16C0 7.16344 7.16344 0 16 0C24.8366 0 32 7.16344 32 16C32 24.8366 24.8366 32 16 32C7.16344 32 0 24.8366 0 16Z" fill="#232221" fill-opacity="0.5"></path><path fill-rule="evenodd" clip-rule="evenodd" d="M8.32286 7.90084C8.65386 7.80292 9.00157 7.99187 9.09949 8.32286L9.55871 9.87516H21.7702C23.3041 9.87516 24.4742 11.305 24.0321 12.8005L22.6537 17.4672C22.359 18.4613 21.4274 19.1252 20.3918 19.1252H12.7602C11.7241 19.1252 10.7914 18.4613 10.4975 17.4674L7.90084 8.67746C7.80292 8.34647 7.99187 7.99876 8.32286 7.90084ZM9.92806 11.1252L11.6962 17.1129C11.8256 17.5507 12.2513 17.8752 12.7602 17.8752H20.3918C20.8994 17.8752 21.3246 17.5519 21.455 17.1129L22.8333 12.4465C23.0209 11.8121 22.5328 11.1252 21.7702 11.1252H9.92806ZM11.7577 20.9243C12.1093 20.5727 12.5862 20.3752 13.0835 20.3752C13.5808 20.3752 14.0577 20.5727 14.4093 20.9243C14.761 21.276 14.9585 21.7529 14.9585 22.2502C14.9585 22.7474 14.761 23.2244 14.4093 23.576C14.0577 23.9276 13.5808 24.1252 13.0835 24.1252C12.5862 24.1252 12.1093 23.9276 11.7577 23.576C11.406 23.2244 11.2085 22.7474 11.2085 22.2502C11.2085 21.7529 11.406 21.276 11.7577 20.9243ZM13.0835 21.6252C12.9177 21.6252 12.7588 21.691 12.6416 21.8082C12.5243 21.9254 12.4585 22.0844 12.4585 22.2502C12.4585 22.4159 12.5243 22.5749 12.6416 22.6921C12.7588 22.8093 12.9177 22.8752 13.0835 22.8752C13.2493 22.8752 13.4082 22.8093 13.5254 22.6921C13.6426 22.5749 13.7085 22.4159 13.7085 22.2502C13.7085 22.0844 13.6426 21.9254 13.5254 21.8082C13.4082 21.691 13.2493 21.6252 13.0835 21.6252ZM18.4243 20.9243C18.776 20.5727 19.2529 20.3752 19.7502 20.3752C20.2474 20.3752 20.7244 20.5727 21.076 20.9243C21.4276 21.276 21.6252 21.7529 21.6252 22.2502C21.6252 22.7474 21.4276 23.2244 21.076 23.576C20.7244 23.9276 20.2474 24.1252 19.7502 24.1252C19.2529 24.1252 18.776 23.9276 18.4243 23.576C18.0727 23.2244 17.8752 22.7474 17.8752 22.2502C17.8752 21.7529 18.0727 21.276 18.4243 20.9243ZM19.7502 21.6252C19.5844 21.6252 19.4254 21.691 19.3082 21.8082C19.191 21.9254 19.1252 22.0844 19.1252 22.2502C19.1252 22.4159 19.191 22.5749 19.3082 22.6921C19.4254 22.8093 19.5844 22.8752 19.7502 22.8752C19.9159 22.8752 20.0749 22.8093 20.1921 22.6921C20.3093 22.5749 20.3752 22.4159 20.3752 22.2502C20.3752 22.0844 20.3093 21.9254 20.1921 21.8082C20.0749 21.691 19.9159 21.6252 19.7502 21.6252Z" fill="white"></path></svg></span></div><span class="txt_box sr-only">장바구니버튼</span></button></div></div></div></div><div class="txt_wrap mt_8" style="overflow:hidden"><div class="flex_side"><button class="none_style_btn btn_brand_name"><span class="txt_box">AMH</span></button><ul class="icon_list"><li class="tooltip_area p_relative swiper-no-swiping"><div id="__MoreInfoButton__"><button class="none_style_btn"><span class="dp_i_flex svg_box "><svg width="16" height="16" viewBox="0 0 16 17" fill="none" xmlns="http://www.w3.org/2000/svg"><path d="M8.00001 5.66671C7.8468 5.66671 7.69509 5.63653 7.55355 5.5779C7.412 5.51927 7.28339 5.43333 7.17505 5.325C7.06672 5.21666 6.98078 5.08805 6.92215 4.9465C6.86352 4.80496 6.83334 4.65325 6.83334 4.50004C6.83334 4.34683 6.86352 4.19512 6.92215 4.05358C6.98078 3.91203 7.06672 3.78342 7.17505 3.67508C7.28339 3.56675 7.412 3.48081 7.55355 3.42218C7.69509 3.36355 7.8468 3.33337 8.00001 3.33337C8.30943 3.33337 8.60618 3.45629 8.82497 3.67508C9.04376 3.89388 9.16668 4.19062 9.16668 4.50004C9.16668 4.80946 9.04376 5.10621 8.82497 5.325C8.60618 5.54379 8.30943 5.66671 8.00001 5.66671ZM8.00001 9.66671C7.69059 9.66671 7.39384 9.54379 7.17505 9.325C6.95626 9.10621 6.83334 8.80946 6.83334 8.50004C6.83334 8.19062 6.95626 7.89388 7.17505 7.67508C7.39384 7.45629 7.69059 7.33337 8.00001 7.33337C8.30943 7.33337 8.60618 7.45629 8.82497 7.67508C9.04376 7.89388 9.16668 8.19062 9.16668 8.50004C9.16668 8.80946 9.04376 9.10621 8.82497 9.325C8.60618 9.54379 8.30943 9.66671 8.00001 9.66671ZM6.83334 12.5C6.83334 12.8095 6.95626 13.1062 7.17505 13.325C7.39384 13.5438 7.69059 13.6667 8.00001 13.6667C8.30943 13.6667 8.60618 13.5438 8.82497 13.325C9.04376 13.1062 9.16668 12.8095 9.16668 12.5C9.16668 12.1906 9.04376 11.8939 8.82497 11.6751C8.60618 11.4563 8.30943 11.3334 8.00001 11.3334C7.69059 11.3334 7.39384 11.4563 7.17505 11.6751C6.95626 11.8939 6.83334 12.1906 6.83334 12.5Z" fill="#232221"></path></svg></span></button></div></li></ul></div><ul class="category_wrap"><li class="category_info storage_type"><span class="dp_i_flex svg_box "><svg width="12" height="12" viewBox="0 0 12 12" fill="none" xmlns="http://www.w3.org/2000/svg"><path d="M5.875 1C5.97446 1 6.06984 1.03951 6.14016 1.10983C6.21049 1.18016 6.25 1.27554 6.25 1.375V2.9525L7.3165 1.8855C7.35133 1.85067 7.39269 1.82304 7.4382 1.80418C7.48371 1.78533 7.53249 1.77563 7.58175 1.77563C7.63101 1.77563 7.67979 1.78533 7.7253 1.80418C7.77081 1.82304 7.81217 1.85067 7.847 1.8855C7.88183 1.92033 7.90946 1.96169 7.92832 2.0072C7.94717 2.05271 7.95687 2.10149 7.95687 2.15075C7.95687 2.20001 7.94717 2.24879 7.92832 2.2943C7.90946 2.33981 7.88183 2.38117 7.847 2.416L6.25 4.013V5.5H7.737L9.334 3.903C9.40509 3.83676 9.49911 3.8007 9.59626 3.80241C9.69341 3.80413 9.7861 3.84348 9.85481 3.91219C9.92352 3.9809 9.96287 4.07359 9.96459 4.17074C9.9663 4.26789 9.93024 4.36191 9.864 4.433L8.798 5.5H10.3755C10.475 5.5 10.5703 5.53951 10.6407 5.60984C10.711 5.68016 10.7505 5.77554 10.7505 5.875C10.7505 5.97446 10.711 6.06984 10.6407 6.14016C10.5703 6.21049 10.475 6.25 10.3755 6.25H8.798L9.865 7.3165C9.89983 7.35133 9.92746 7.39269 9.94632 7.4382C9.96517 7.48371 9.97487 7.53249 9.97487 7.58175C9.97487 7.63101 9.96517 7.67979 9.94632 7.7253C9.92746 7.77081 9.89983 7.81217 9.865 7.847C9.83017 7.88183 9.78881 7.90946 9.7433 7.92832C9.69779 7.94717 9.64901 7.95687 9.59975 7.95687C9.55049 7.95687 9.50171 7.94717 9.4562 7.92832C9.41069 7.90946 9.36933 7.88183 9.3345 7.847L7.737 6.25H6.25V7.737L7.847 9.334C7.91324 9.40509 7.9493 9.49911 7.94759 9.59626C7.94587 9.69341 7.90652 9.7861 7.83781 9.85481C7.7691 9.92352 7.67641 9.96287 7.57926 9.96459C7.48211 9.9663 7.38809 9.93024 7.317 9.864L6.25 8.798V10.3755C6.25 10.475 6.21049 10.5703 6.14016 10.6407C6.06984 10.711 5.97446 10.7505 5.875 10.7505C5.77554 10.7505 5.68016 10.711 5.60984 10.6407C5.53951 10.5703 5.5 10.475 5.5 10.3755V8.798L4.4335 9.865C4.39867 9.89983 4.35731 9.92746 4.3118 9.94632C4.26629 9.96517 4.21751 9.97487 4.16825 9.97487C4.11899 9.97487 4.07021 9.96517 4.0247 9.94632C3.97919 9.92746 3.93783 9.89983 3.903 9.865C3.86817 9.83017 3.84054 9.78881 3.82168 9.7433C3.80283 9.69779 3.79313 9.64901 3.79313 9.59975C3.79313 9.55049 3.80283 9.50171 3.82168 9.4562C3.84054 9.41069 3.86817 9.36933 3.903 9.3345L5.5 7.737V6.25H4.013L2.416 7.847C2.34491 7.91324 2.25089 7.9493 2.15374 7.94759C2.05659 7.94587 1.9639 7.90652 1.89519 7.83781C1.82648 7.7691 1.78713 7.67641 1.78541 7.57926C1.7837 7.48211 1.81976 7.38809 1.886 7.317L2.952 6.25H1.375C1.27554 6.25 1.18016 6.21049 1.10983 6.14016C1.03951 6.06984 1 5.97446 1 5.875C1 5.77554 1.03951 5.68016 1.10983 5.60984C1.18016 5.53951 1.27554 5.5 1.375 5.5H2.9525L1.885 4.4335C1.81465 4.36315 1.77513 4.26774 1.77513 4.16825C1.77513 4.06876 1.81465 3.97335 1.885 3.903C1.95535 3.83265 2.05076 3.79313 2.15025 3.79313C2.24974 3.79313 2.34515 3.83265 2.4155 3.903L4.013 5.5H5.5V4.013L3.903 2.416C3.86616 2.38167 3.83661 2.34027 3.81611 2.29427C3.79561 2.24827 3.78459 2.19861 3.7837 2.14826C3.78282 2.09791 3.79208 2.0479 3.81094 2.0012C3.8298 1.95451 3.85787 1.91209 3.89348 1.87648C3.92909 1.84087 3.97151 1.8128 4.0182 1.79394C4.0649 1.77508 4.11491 1.76582 4.16526 1.7667C4.21561 1.76759 4.26527 1.77861 4.31127 1.79911C4.35727 1.81961 4.39867 1.84916 4.433 1.886L5.5 2.952V1.375C5.5 1.27554 5.53951 1.18016 5.60984 1.10983C5.68016 1.03951 5.77554 1 5.875 1Z" fill="#318CF7"></path></svg></span><span class="txt_box" style="color:#318CF7">냉동</span></li><li class="category_info flex_all_center gap_2"><span class="txt_box">수입소</span><span class="dp_i_flex svg_box "><svg xmlns="http://www.w3.org/2000/svg" width="8" height="8" viewBox="0 0 12 12" fill="none"><path d="M4.14678 2.14652C4.05305 2.24028 4.00039 2.36743 4.00039 2.50002C4.00039 2.6326 4.05305 2.75975 4.14678 2.85352L7.29328 6.00002L4.14678 9.14651C4.09903 9.19264 4.06094 9.24781 4.03473 9.30881C4.00853 9.36981 3.99474 9.43543 3.99416 9.50181C3.99358 9.5682 4.00623 9.63404 4.03137 9.69549C4.05651 9.75694 4.09364 9.81277 4.14059 9.85971C4.18753 9.90666 4.24336 9.94379 4.30481 9.96893C4.36626 9.99407 4.4321 10.0067 4.49849 10.0061C4.56487 10.0056 4.63048 9.99177 4.69149 9.96557C4.75249 9.93936 4.80766 9.90127 4.85378 9.85352L8.35379 6.35352C8.44752 6.25975 8.50018 6.1326 8.50018 6.00002C8.50018 5.86743 8.44752 5.74028 8.35379 5.64652L4.85378 2.14652C4.76002 2.05278 4.63287 2.00012 4.50028 2.00012C4.3677 2.00012 4.24055 2.05278 4.14678 2.14652Z" fill="#BABEC4"></path></svg></span><span class="txt_box">세절&amp;분쇄</span></li></ul><p class="product_name">[업소용/슬라이스] 부채살20mm - 호주 | AMH - S</p><span class="sample_grey_text">구이용/스테이크용 20kg(1kg*20ea)</span><div class="price_wrap"><span class="price_info"><em>364,000원</em></span><span class="price_unit">kg당 18,200원 | 총 20kg</span></div><div class="txt_label_wrap"><span class="txt_area_label label--freshPack"><span class="label__text">신선배송</span></span></div><ul class="rating_wrap"><li><span class="txt_box">재고 <!-- -->17</span></li></ul></div></div></div></div><div class="swiper-slide"><div class="bgInherit" style="cursor:pointer"><div role="button" class="product_card type1 stack_vertical false"><div class="img_wrap"><div class="bg_wrap"><p class="absolute_full"><img alt="상품_섬네일_이미지" loading="lazy" width="500" height="500" decoding="async" data-nimg="1" class="full_image" style="color:transparent" src="https://img-cdn.meatbox.co.kr/m/images/itemImage/2025/05/20/10/00/mo_thumb_productThumbnail_139751_20250520100016.jpg"/></p><div class="label_area" style="cursor:pointer"><div class="none_style_btn cart_button"><button class="clear_button " type="button"><div class="p_relative util_item"><span class="dp_i_flex svg_box "><svg width="32" height="32" viewBox="0 0 32 32" fill="none" xmlns="http://www.w3.org/2000/svg"><path d="M0 16C0 7.16344 7.16344 0 16 0C24.8366 0 32 7.16344 32 16C32 24.8366 24.8366 32 16 32C7.16344 32 0 24.8366 0 16Z" fill="#232221" fill-opacity="0.5"></path><path fill-rule="evenodd" clip-rule="evenodd" d="M8.32286 7.90084C8.65386 7.80292 9.00157 7.99187 9.09949 8.32286L9.55871 9.87516H21.7702C23.3041 9.87516 24.4742 11.305 24.0321 12.8005L22.6537 17.4672C22.359 18.4613 21.4274 19.1252 20.3918 19.1252H12.7602C11.7241 19.1252 10.7914 18.4613 10.4975 17.4674L7.90084 8.67746C7.80292 8.34647 7.99187 7.99876 8.32286 7.90084ZM9.92806 11.1252L11.6962 17.1129C11.8256 17.5507 12.2513 17.8752 12.7602 17.8752H20.3918C20.8994 17.8752 21.3246 17.5519 21.455 17.1129L22.8333 12.4465C23.0209 11.8121 22.5328 11.1252 21.7702 11.1252H9.92806ZM11.7577 20.9243C12.1093 20.5727 12.5862 20.3752 13.0835 20.3752C13.5808 20.3752 14.0577 20.5727 14.4093 20.9243C14.761 21.276 14.9585 21.7529 14.9585 22.2502C14.9585 22.7474 14.761 23.2244 14.4093 23.576C14.0577 23.9276 13.5808 24.1252 13.0835 24.1252C12.5862 24.1252 12.1093 23.9276 11.7577 23.576C11.406 23.2244 11.2085 22.7474 11.2085 22.2502C11.2085 21.7529 11.406 21.276 11.7577 20.9243ZM13.0835 21.6252C12.9177 21.6252 12.7588 21.691 12.6416 21.8082C12.5243 21.9254 12.4585 22.0844 12.4585 22.2502C12.4585 22.4159 12.5243 22.5749 12.6416 22.6921C12.7588 22.8093 12.9177 22.8752 13.0835 22.8752C13.2493 22.8752 13.4082 22.8093 13.5254 22.6921C13.6426 22.5749 13.7085 22.4159 13.7085 22.2502C13.7085 22.0844 13.6426 21.9254 13.5254 21.8082C13.4082 21.691 13.2493 21.6252 13.0835 21.6252ZM18.4243 20.9243C18.776 20.5727 19.2529 20.3752 19.7502 20.3752C20.2474 20.3752 20.7244 20.5727 21.076 20.9243C21.4276 21.276 21.6252 21.7529 21.6252 22.2502C21.6252 22.7474 21.4276 23.2244 21.076 23.576C20.7244 23.9276 20.2474 24.1252 19.7502 24.1252C19.2529 24.1252 18.776 23.9276 18.4243 23.576C18.0727 23.2244 17.8752 22.7474 17.8752 22.2502C17.8752 21.7529 18.0727 21.276 18.4243 20.9243ZM19.7502 21.6252C19.5844 21.6252 19.4254 21.691 19.3082 21.8082C19.191 21.9254 19.1252 22.0844 19.1252 22.2502C19.1252 22.4159 19.191 22.5749 19.3082 22.6921C19.4254 22.8093 19.5844 22.8752 19.7502 22.8752C19.9159 22.8752 20.0749 22.8093 20.1921 22.6921C20.3093 22.5749 20.3752 22.4159 20.3752 22.2502C20.3752 22.0844 20.3093 21.9254 20.1921 21.8082C20.0749 21.691 19.9159 21.6252 19.7502 21.6252Z" fill="white"></path></svg></span></div><span class="txt_box sr-only">장바구니버튼</span></button></div></div></div></div><div class="txt_wrap mt_8" style="overflow:hidden"><div class="flex_side"><button class="none_style_btn btn_brand_name"><span class="txt_box">스위프트</span></button><ul class="icon_list"><li class="tooltip_area p_relative swiper-no-swiping"><div id="__MoreInfoButton__"><button class="none_style_btn"><span class="dp_i_flex svg_box "><svg width="16" height="16" viewBox="0 0 16 17" fill="none" xmlns="http://www.w3.org/2000/svg"><path d="M8.00001 5.66671C7.8468 5.66671 7.69509 5.63653 7.55355 5.5779C7.412 5.51927 7.28339 5.43333 7.17505 5.325C7.06672 5.21666 6.98078 5.08805 6.92215 4.9465C6.86352 4.80496 6.83334 4.65325 6.83334 4.50004C6.83334 4.34683 6.86352 4.19512 6.92215 4.05358C6.98078 3.91203 7.06672 3.78342 7.17505 3.67508C7.28339 3.56675 7.412 3.48081 7.55355 3.42218C7.69509 3.36355 7.8468 3.33337 8.00001 3.33337C8.30943 3.33337 8.60618 3.45629 8.82497 3.67508C9.04376 3.89388 9.16668 4.19062 9.16668 4.50004C9.16668 4.80946 9.04376 5.10621 8.82497 5.325C8.60618 5.54379 8.30943 5.66671 8.00001 5.66671ZM8.00001 9.66671C7.69059 9.66671 7.39384 9.54379 7.17505 9.325C6.95626 9.10621 6.83334 8.80946 6.83334 8.50004C6.83334 8.19062 6.95626 7.89388 7.17505 7.67508C7.39384 7.45629 7.69059 7.33337 8.00001 7.33337C8.30943 7.33337 8.60618 7.45629 8.82497 7.67508C9.04376 7.89388 9.16668 8.19062 9.16668 8.50004C9.16668 8.80946 9.04376 9.10621 8.82497 9.325C8.60618 9.54379 8.30943 9.66671 8.00001 9.66671ZM6.83334 12.5C6.83334 12.8095 6.95626 13.1062 7.17505 13.325C7.39384 13.5438 7.69059 13.6667 8.00001 13.6667C8.30943 13.6667 8.60618 13.5438 8.82497 13.325C9.04376 13.1062 9.16668 12.8095 9.16668 12.5C9.16668 12.1906 9.04376 11.8939 8.82497 11.6751C8.60618 11.4563 8.30943 11.3334 8.00001 11.3334C7.69059 11.3334 7.39384 11.4563 7.17505 11.6751C6.95626 11.8939 6.83334 12.1906 6.83334 12.5Z" fill="#232221"></path></svg></span></button></div></li></ul></div><ul class="category_wrap"><li class="category_info storage_type"><span class="dp_i_flex svg_box "><svg width="12" height="12" viewBox="0 0 12 12" fill="none" xmlns="http://www.w3.org/2000/svg"><path d="M5.875 1C5.97446 1 6.06984 1.03951 6.14016 1.10983C6.21049 1.18016 6.25 1.27554 6.25 1.375V2.9525L7.3165 1.8855C7.35133 1.85067 7.39269 1.82304 7.4382 1.80418C7.48371 1.78533 7.53249 1.77563 7.58175 1.77563C7.63101 1.77563 7.67979 1.78533 7.7253 1.80418C7.77081 1.82304 7.81217 1.85067 7.847 1.8855C7.88183 1.92033 7.90946 1.96169 7.92832 2.0072C7.94717 2.05271 7.95687 2.10149 7.95687 2.15075C7.95687 2.20001 7.94717 2.24879 7.92832 2.2943C7.90946 2.33981 7.88183 2.38117 7.847 2.416L6.25 4.013V5.5H7.737L9.334 3.903C9.40509 3.83676 9.49911 3.8007 9.59626 3.80241C9.69341 3.80413 9.7861 3.84348 9.85481 3.91219C9.92352 3.9809 9.96287 4.07359 9.96459 4.17074C9.9663 4.26789 9.93024 4.36191 9.864 4.433L8.798 5.5H10.3755C10.475 5.5 10.5703 5.53951 10.6407 5.60984C10.711 5.68016 10.7505 5.77554 10.7505 5.875C10.7505 5.97446 10.711 6.06984 10.6407 6.14016C10.5703 6.21049 10.475 6.25 10.3755 6.25H8.798L9.865 7.3165C9.89983 7.35133 9.92746 7.39269 9.94632 7.4382C9.96517 7.48371 9.97487 7.53249 9.97487 7.58175C9.97487 7.63101 9.96517 7.67979 9.94632 7.7253C9.92746 7.77081 9.89983 7.81217 9.865 7.847C9.83017 7.88183 9.78881 7.90946 9.7433 7.92832C9.69779 7.94717 9.64901 7.95687 9.59975 7.95687C9.55049 7.95687 9.50171 7.94717 9.4562 7.92832C9.41069 7.90946 9.36933 7.88183 9.3345 7.847L7.737 6.25H6.25V7.737L7.847 9.334C7.91324 9.40509 7.9493 9.49911 7.94759 9.59626C7.94587 9.69341 7.90652 9.7861 7.83781 9.85481C7.7691 9.92352 7.67641 9.96287 7.57926 9.96459C7.48211 9.9663 7.38809 9.93024 7.317 9.864L6.25 8.798V10.3755C6.25 10.475 6.21049 10.5703 6.14016 10.6407C6.06984 10.711 5.97446 10.7505 5.875 10.7505C5.77554 10.7505 5.68016 10.711 5.60984 10.6407C5.53951 10.5703 5.5 10.475 5.5 10.3755V8.798L4.4335 9.865C4.39867 9.89983 4.35731 9.92746 4.3118 9.94632C4.26629 9.96517 4.21751 9.97487 4.16825 9.97487C4.11899 9.97487 4.07021 9.96517 4.0247 9.94632C3.97919 9.92746 3.93783 9.89983 3.903 9.865C3.86817 9.83017 3.84054 9.78881 3.82168 9.7433C3.80283 9.69779 3.79313 9.64901 3.79313 9.59975C3.79313 9.55049 3.80283 9.50171 3.82168 9.4562C3.84054 9.41069 3.86817 9.36933 3.903 9.3345L5.5 7.737V6.25H4.013L2.416 7.847C2.34491 7.91324 2.25089 7.9493 2.15374 7.94759C2.05659 7.94587 1.9639 7.90652 1.89519 7.83781C1.82648 7.7691 1.78713 7.67641 1.78541 7.57926C1.7837 7.48211 1.81976 7.38809 1.886 7.317L2.952 6.25H1.375C1.27554 6.25 1.18016 6.21049 1.10983 6.14016C1.03951 6.06984 1 5.97446 1 5.875C1 5.77554 1.03951 5.68016 1.10983 5.60984C1.18016 5.53951 1.27554 5.5 1.375 5.5H2.9525L1.885 4.4335C1.81465 4.36315 1.77513 4.26774 1.77513 4.16825C1.77513 4.06876 1.81465 3.97335 1.885 3.903C1.95535 3.83265 2.05076 3.79313 2.15025 3.79313C2.24974 3.79313 2.34515 3.83265 2.4155 3.903L4.013 5.5H5.5V4.013L3.903 2.416C3.86616 2.38167 3.83661 2.34027 3.81611 2.29427C3.79561 2.24827 3.78459 2.19861 3.7837 2.14826C3.78282 2.09791 3.79208 2.0479 3.81094 2.0012C3.8298 1.95451 3.85787 1.91209 3.89348 1.87648C3.92909 1.84087 3.97151 1.8128 4.0182 1.79394C4.0649 1.77508 4.11491 1.76582 4.16526 1.7667C4.21561 1.76759 4.26527 1.77861 4.31127 1.79911C4.35727 1.81961 4.39867 1.84916 4.433 1.886L5.5 2.952V1.375C5.5 1.27554 5.53951 1.18016 5.60984 1.10983C5.68016 1.03951 5.77554 1 5.875 1Z" fill="#318CF7"></path></svg></span><span class="txt_box" style="color:#318CF7">냉동</span></li><li class="category_info flex_all_center gap_2"><span class="txt_box">수입소</span><span class="dp_i_flex svg_box "><svg xmlns="http://www.w3.org/2000/svg" width="8" height="8" viewBox="0 0 12 12" fill="none"><path d="M4.14678 2.14652C4.05305 2.24028 4.00039 2.36743 4.00039 2.50002C4.00039 2.6326 4.05305 2.75975 4.14678 2.85352L7.29328 6.00002L4.14678 9.14651C4.09903 9.19264 4.06094 9.24781 4.03473 9.30881C4.00853 9.36981 3.99474 9.43543 3.99416 9.50181C3.99358 9.5682 4.00623 9.63404 4.03137 9.69549C4.05651 9.75694 4.09364 9.81277 4.14059 9.85971C4.18753 9.90666 4.24336 9.94379 4.30481 9.96893C4.36626 9.99407 4.4321 10.0067 4.49849 10.0061C4.56487 10.0056 4.63048 9.99177 4.69149 9.96557C4.75249 9.93936 4.80766 9.90127 4.85378 9.85352L8.35379 6.35352C8.44752 6.25975 8.50018 6.1326 8.50018 6.00002C8.50018 5.86743 8.44752 5.74028 8.35379 5.64652L4.85378 2.14652C4.76002 2.05278 4.63287 2.00012 4.50028 2.00012C4.3677 2.00012 4.24055 2.05278 4.14678 2.14652Z" fill="#BABEC4"></path></svg></span><span class="txt_box">세절&amp;분쇄</span></li></ul><p class="product_name">[업소용/채슬라이스] 홍두깨4.5mm - 미국 | 스위프트</p><span class="sample_grey_text">육회용 20kg(4kg*5ea)</span><div class="price_wrap"><span class="price_info"><em>353,600원</em></span><span class="price_unit">kg당 17,680원 | 총 20kg</span></div><div class="txt_label_wrap"><span class="txt_area_label label--freshPack"><span class="label__text">신선배송</span></span></div><ul class="rating_wrap"><li><span class="txt_box">재고 <!-- -->16</span></li></ul></div></div></div></div><div class="swiper-slide"><div class="bgInherit" style="cursor:pointer"><div role="button" class="product_card type1 stack_vertical false"><div class="img_wrap"><div class="bg_wrap"><p class="absolute_full"><img alt="상품_섬네일_이미지" loading="lazy" width="500" height="500" decoding="async" data-nimg="1" class="full_image" style="color:transparent" src="https://img-cdn.meatbox.co.kr/m/images/itemImage/2025/05/13/11/38/mo_thumb_productThumbnail_139751_20250513113845.jpg"/></p><div class="label_area" style="cursor:pointer"><div class="balloon_label pink  "><span class="txt_box">품절 예정</span><span class="angle-pixel left_top"></span></div><div class="none_style_btn cart_button"><button class="clear_button " type="button"><div class="p_relative util_item"><span class="dp_i_flex svg_box "><svg width="32" height="32" viewBox="0 0 32 32" fill="none" xmlns="http://www.w3.org/2000/svg"><path d="M0 16C0 7.16344 7.16344 0 16 0C24.8366 0 32 7.16344 32 16C32 24.8366 24.8366 32 16 32C7.16344 32 0 24.8366 0 16Z" fill="#232221" fill-opacity="0.5"></path><path fill-rule="evenodd" clip-rule="evenodd" d="M8.32286 7.90084C8.65386 7.80292 9.00157 7.99187 9.09949 8.32286L9.55871 9.87516H21.7702C23.3041 9.87516 24.4742 11.305 24.0321 12.8005L22.6537 17.4672C22.359 18.4613 21.4274 19.1252 20.3918 19.1252H12.7602C11.7241 19.1252 10.7914 18.4613 10.4975 17.4674L7.90084 8.67746C7.80292 8.34647 7.99187 7.99876 8.32286 7.90084ZM9.92806 11.1252L11.6962 17.1129C11.8256 17.5507 12.2513 17.8752 12.7602 17.8752H20.3918C20.8994 17.8752 21.3246 17.5519 21.455 17.1129L22.8333 12.4465C23.0209 11.8121 22.5328 11.1252 21.7702 11.1252H9.92806ZM11.7577 20.9243C12.1093 20.5727 12.5862 20.3752 13.0835 20.3752C13.5808 20.3752 14.0577 20.5727 14.4093 20.9243C14.761 21.276 14.9585 21.7529 14.9585 22.2502C14.9585 22.7474 14.761 23.2244 14.4093 23.576C14.0577 23.9276 13.5808 24.1252 13.0835 24.1252C12.5862 24.1252 12.1093 23.9276 11.7577 23.576C11.406 23.2244 11.2085 22.7474 11.2085 22.2502C11.2085 21.7529 11.406 21.276 11.7577 20.9243ZM13.0835 21.6252C12.9177 21.6252 12.7588 21.691 12.6416 21.8082C12.5243 21.9254 12.4585 22.0844 12.4585 22.2502C12.4585 22.4159 12.5243 22.5749 12.6416 22.6921C12.7588 22.8093 12.9177 22.8752 13.0835 22.8752C13.2493 22.8752 13.4082 22.8093 13.5254 22.6921C13.6426 22.5749 13.7085 22.4159 13.7085 22.2502C13.7085 22.0844 13.6426 21.9254 13.5254 21.8082C13.4082 21.691 13.2493 21.6252 13.0835 21.6252ZM18.4243 20.9243C18.776 20.5727 19.2529 20.3752 19.7502 20.3752C20.2474 20.3752 20.7244 20.5727 21.076 20.9243C21.4276 21.276 21.6252 21.7529 21.6252 22.2502C21.6252 22.7474 21.4276 23.2244 21.076 23.576C20.7244 23.9276 20.2474 24.1252 19.7502 24.1252C19.2529 24.1252 18.776 23.9276 18.4243 23.576C18.0727 23.2244 17.8752 22.7474 17.8752 22.2502C17.8752 21.7529 18.0727 21.276 18.4243 20.9243ZM19.7502 21.6252C19.5844 21.6252 19.4254 21.691 19.3082 21.8082C19.191 21.9254 19.1252 22.0844 19.1252 22.2502C19.1252 22.4159 19.191 22.5749 19.3082 22.6921C19.4254 22.8093 19.5844 22.8752 19.7502 22.8752C19.9159 22.8752 20.0749 22.8093 20.1921 22.6921C20.3093 22.5749 20.3752 22.4159 20.3752 22.2502C20.3752 22.0844 20.3093 21.9254 20.1921 21.8082C20.0749 21.691 19.9159 21.6252 19.7502 21.6252Z" fill="white"></path></svg></span></div><span class="txt_box sr-only">장바구니버튼</span></button></div></div></div></div><div class="txt_wrap mt_8" style="overflow:hidden"><div class="flex_side"><button class="none_style_btn btn_brand_name"><span class="txt_box">킬코이</span></button><ul class="icon_list"><li class="tooltip_area p_relative swiper-no-swiping"><div id="__MoreInfoButton__"><button class="none_style_btn"><span class="dp_i_flex svg_box "><svg width="16" height="16" viewBox="0 0 16 17" fill="none" xmlns="http://www.w3.org/2000/svg"><path d="M8.00001 5.66671C7.8468 5.66671 7.69509 5.63653 7.55355 5.5779C7.412 5.51927 7.28339 5.43333 7.17505 5.325C7.06672 5.21666 6.98078 5.08805 6.92215 4.9465C6.86352 4.80496 6.83334 4.65325 6.83334 4.50004C6.83334 4.34683 6.86352 4.19512 6.92215 4.05358C6.98078 3.91203 7.06672 3.78342 7.17505 3.67508C7.28339 3.56675 7.412 3.48081 7.55355 3.42218C7.69509 3.36355 7.8468 3.33337 8.00001 3.33337C8.30943 3.33337 8.60618 3.45629 8.82497 3.67508C9.04376 3.89388 9.16668 4.19062 9.16668 4.50004C9.16668 4.80946 9.04376 5.10621 8.82497 5.325C8.60618 5.54379 8.30943 5.66671 8.00001 5.66671ZM8.00001 9.66671C7.69059 9.66671 7.39384 9.54379 7.17505 9.325C6.95626 9.10621 6.83334 8.80946 6.83334 8.50004C6.83334 8.19062 6.95626 7.89388 7.17505 7.67508C7.39384 7.45629 7.69059 7.33337 8.00001 7.33337C8.30943 7.33337 8.60618 7.45629 8.82497 7.67508C9.04376 7.89388 9.16668 8.19062 9.16668 8.50004C9.16668 8.80946 9.04376 9.10621 8.82497 9.325C8.60618 9.54379 8.30943 9.66671 8.00001 9.66671ZM6.83334 12.5C6.83334 12.8095 6.95626 13.1062 7.17505 13.325C7.39384 13.5438 7.69059 13.6667 8.00001 13.6667C8.30943 13.6667 8.60618 13.5438 8.82497 13.325C9.04376 13.1062 9.16668 12.8095 9.16668 12.5C9.16668 12.1906 9.04376 11.8939 8.82497 11.6751C8.60618 11.4563 8.30943 11.3334 8.00001 11.3334C7.69059 11.3334 7.39384 11.4563 7.17505 11.6751C6.95626 11.8939 6.83334 12.1906 6.83334 12.5Z" fill="#232221"></path></svg></span></button></div></li></ul></div><ul class="category_wrap"><li class="category_info storage_type"><span class="dp_i_flex svg_box "><svg width="12" height="12" viewBox="0 0 12 12" fill="none" xmlns="http://www.w3.org/2000/svg"><path d="M5.875 1C5.97446 1 6.06984 1.03951 6.14016 1.10983C6.21049 1.18016 6.25 1.27554 6.25 1.375V2.9525L7.3165 1.8855C7.35133 1.85067 7.39269 1.82304 7.4382 1.80418C7.48371 1.78533 7.53249 1.77563 7.58175 1.77563C7.63101 1.77563 7.67979 1.78533 7.7253 1.80418C7.77081 1.82304 7.81217 1.85067 7.847 1.8855C7.88183 1.92033 7.90946 1.96169 7.92832 2.0072C7.94717 2.05271 7.95687 2.10149 7.95687 2.15075C7.95687 2.20001 7.94717 2.24879 7.92832 2.2943C7.90946 2.33981 7.88183 2.38117 7.847 2.416L6.25 4.013V5.5H7.737L9.334 3.903C9.40509 3.83676 9.49911 3.8007 9.59626 3.80241C9.69341 3.80413 9.7861 3.84348 9.85481 3.91219C9.92352 3.9809 9.96287 4.07359 9.96459 4.17074C9.9663 4.26789 9.93024 4.36191 9.864 4.433L8.798 5.5H10.3755C10.475 5.5 10.5703 5.53951 10.6407 5.60984C10.711 5.68016 10.7505 5.77554 10.7505 5.875C10.7505 5.97446 10.711 6.06984 10.6407 6.14016C10.5703 6.21049 10.475 6.25 10.3755 6.25H8.798L9.865 7.3165C9.89983 7.35133 9.92746 7.39269 9.94632 7.4382C9.96517 7.48371 9.97487 7.53249 9.97487 7.58175C9.97487 7.63101 9.96517 7.67979 9.94632 7.7253C9.92746 7.77081 9.89983 7.81217 9.865 7.847C9.83017 7.88183 9.78881 7.90946 9.7433 7.92832C9.69779 7.94717 9.64901 7.95687 9.59975 7.95687C9.55049 7.95687 9.50171 7.94717 9.4562 7.92832C9.41069 7.90946 9.36933 7.88183 9.3345 7.847L7.737 6.25H6.25V7.737L7.847 9.334C7.91324 9.40509 7.9493 9.49911 7.94759 9.59626C7.94587 9.69341 7.90652 9.7861 7.83781 9.85481C7.7691 9.92352 7.67641 9.96287 7.57926 9.96459C7.48211 9.9663 7.38809 9.93024 7.317 9.864L6.25 8.798V10.3755C6.25 10.475 6.21049 10.5703 6.14016 10.6407C6.06984 10.711 5.97446 10.7505 5.875 10.7505C5.77554 10.7505 5.68016 10.711 5.60984 10.6407C5.53951 10.5703 5.5 10.475 5.5 10.3755V8.798L4.4335 9.865C4.39867 9.89983 4.35731 9.92746 4.3118 9.94632C4.26629 9.96517 4.21751 9.97487 4.16825 9.97487C4.11899 9.97487 4.07021 9.96517 4.0247 9.94632C3.97919 9.92746 3.93783 9.89983 3.903 9.865C3.86817 9.83017 3.84054 9.78881 3.82168 9.7433C3.80283 9.69779 3.79313 9.64901 3.79313 9.59975C3.79313 9.55049 3.80283 9.50171 3.82168 9.4562C3.84054 9.41069 3.86817 9.36933 3.903 9.3345L5.5 7.737V6.25H4.013L2.416 7.847C2.34491 7.91324 2.25089 7.9493 2.15374 7.94759C2.05659 7.94587 1.9639 7.90652 1.89519 7.83781C1.82648 7.7691 1.78713 7.67641 1.78541 7.57926C1.7837 7.48211 1.81976 7.38809 1.886 7.317L2.952 6.25H1.375C1.27554 6.25 1.18016 6.21049 1.10983 6.14016C1.03951 6.06984 1 5.97446 1 5.875C1 5.77554 1.03951 5.68016 1.10983 5.60984C1.18016 5.53951 1.27554 5.5 1.375 5.5H2.9525L1.885 4.4335C1.81465 4.36315 1.77513 4.26774 1.77513 4.16825C1.77513 4.06876 1.81465 3.97335 1.885 3.903C1.95535 3.83265 2.05076 3.79313 2.15025 3.79313C2.24974 3.79313 2.34515 3.83265 2.4155 3.903L4.013 5.5H5.5V4.013L3.903 2.416C3.86616 2.38167 3.83661 2.34027 3.81611 2.29427C3.79561 2.24827 3.78459 2.19861 3.7837 2.14826C3.78282 2.09791 3.79208 2.0479 3.81094 2.0012C3.8298 1.95451 3.85787 1.91209 3.89348 1.87648C3.92909 1.84087 3.97151 1.8128 4.0182 1.79394C4.0649 1.77508 4.11491 1.76582 4.16526 1.7667C4.21561 1.76759 4.26527 1.77861 4.31127 1.79911C4.35727 1.81961 4.39867 1.84916 4.433 1.886L5.5 2.952V1.375C5.5 1.27554 5.53951 1.18016 5.60984 1.10983C5.68016 1.03951 5.77554 1 5.875 1Z" fill="#318CF7"></path></svg></span><span class="txt_box" style="color:#318CF7">냉동</span></li><li class="category_info flex_all_center gap_2"><span class="txt_box">수입소</span><span class="dp_i_flex svg_box "><svg xmlns="http://www.w3.org/2000/svg" width="8" height="8" viewBox="0 0 12 12" fill="none"><path d="M4.14678 2.14652C4.05305 2.24028 4.00039 2.36743 4.00039 2.50002C4.00039 2.6326 4.05305 2.75975 4.14678 2.85352L7.29328 6.00002L4.14678 9.14651C4.09903 9.19264 4.06094 9.24781 4.03473 9.30881C4.00853 9.36981 3.99474 9.43543 3.99416 9.50181C3.99358 9.5682 4.00623 9.63404 4.03137 9.69549C4.05651 9.75694 4.09364 9.81277 4.14059 9.85971C4.18753 9.90666 4.24336 9.94379 4.30481 9.96893C4.36626 9.99407 4.4321 10.0067 4.49849 10.0061C4.56487 10.0056 4.63048 9.99177 4.69149 9.96557C4.75249 9.93936 4.80766 9.90127 4.85378 9.85352L8.35379 6.35352C8.44752 6.25975 8.50018 6.1326 8.50018 6.00002C8.50018 5.86743 8.44752 5.74028 8.35379 5.64652L4.85378 2.14652C4.76002 2.05278 4.63287 2.00012 4.50028 2.00012C4.3677 2.00012 4.24055 2.05278 4.14678 2.14652Z" fill="#BABEC4"></path></svg></span><span class="txt_box">세절&amp;분쇄</span></li></ul><p class="product_name">[소량/절단] 앞다리/전각4mm - 호주 | 킬코이 - GF</p><span class="sample_grey_text">국거리용 3cm*3cm 1kg</span><div class="price_wrap"><span class="price_info"><em>18,070원</em></span><span class="price_unit">100g당 1,807원 | 총 1,000g</span></div><div class="txt_label_wrap"><span class="txt_area_label label--warm"><span class="label__text">택배</span></span></div><ul class="rating_wrap"><li><span class="txt_box">재고 <!-- -->1</span></li></ul></div></div></div></div><div class="swiper-slide"><div class="bgInherit" style="cursor:pointer"><div role="button" class="product_card type1 stack_vertical false"><div class="img_wrap"><div class="bg_wrap"><p class="absolute_full"><img alt="상품_섬네일_이미지" loading="lazy" width="500" height="500" decoding="async" data-nimg="1" class="full_image" style="color:transparent" src="https://img-cdn.meatbox.co.kr/m/images/itemImage/2025/05/27/16/09/mo_thumb_productThumbnail_139751_20250527160955.jpg"/></p><div class="label_area" style="cursor:pointer"><div class="none_style_btn cart_button"><button class="clear_button " type="button"><div class="p_relative util_item"><span class="dp_i_flex svg_box "><svg width="32" height="32" viewBox="0 0 32 32" fill="none" xmlns="http://www.w3.org/2000/svg"><path d="M0 16C0 7.16344 7.16344 0 16 0C24.8366 0 32 7.16344 32 16C32 24.8366 24.8366 32 16 32C7.16344 32 0 24.8366 0 16Z" fill="#232221" fill-opacity="0.5"></path><path fill-rule="evenodd" clip-rule="evenodd" d="M8.32286 7.90084C8.65386 7.80292 9.00157 7.99187 9.09949 8.32286L9.55871 9.87516H21.7702C23.3041 9.87516 24.4742 11.305 24.0321 12.8005L22.6537 17.4672C22.359 18.4613 21.4274 19.1252 20.3918 19.1252H12.7602C11.7241 19.1252 10.7914 18.4613 10.4975 17.4674L7.90084 8.67746C7.80292 8.34647 7.99187 7.99876 8.32286 7.90084ZM9.92806 11.1252L11.6962 17.1129C11.8256 17.5507 12.2513 17.8752 12.7602 17.8752H20.3918C20.8994 17.8752 21.3246 17.5519 21.455 17.1129L22.8333 12.4465C23.0209 11.8121 22.5328 11.1252 21.7702 11.1252H9.92806ZM11.7577 20.9243C12.1093 20.5727 12.5862 20.3752 13.0835 20.3752C13.5808 20.3752 14.0577 20.5727 14.4093 20.9243C14.761 21.276 14.9585 21.7529 14.9585 22.2502C14.9585 22.7474 14.761 23.2244 14.4093 23.576C14.0577 23.9276 13.5808 24.1252 13.0835 24.1252C12.5862 24.1252 12.1093 23.9276 11.7577 23.576C11.406 23.2244 11.2085 22.7474 11.2085 22.2502C11.2085 21.7529 11.406 21.276 11.7577 20.9243ZM13.0835 21.6252C12.9177 21.6252 12.7588 21.691 12.6416 21.8082C12.5243 21.9254 12.4585 22.0844 12.4585 22.2502C12.4585 22.4159 12.5243 22.5749 12.6416 22.6921C12.7588 22.8093 12.9177 22.8752 13.0835 22.8752C13.2493 22.8752 13.4082 22.8093 13.5254 22.6921C13.6426 22.5749 13.7085 22.4159 13.7085 22.2502C13.7085 22.0844 13.6426 21.9254 13.5254 21.8082C13.4082 21.691 13.2493 21.6252 13.0835 21.6252ZM18.4243 20.9243C18.776 20.5727 19.2529 20.3752 19.7502 20.3752C20.2474 20.3752 20.7244 20.5727 21.076 20.9243C21.4276 21.276 21.6252 21.7529 21.6252 22.2502C21.6252 22.7474 21.4276 23.2244 21.076 23.576C20.7244 23.9276 20.2474 24.1252 19.7502 24.1252C19.2529 24.1252 18.776 23.9276 18.4243 23.576C18.0727 23.2244 17.8752 22.7474 17.8752 22.2502C17.8752 21.7529 18.0727 21.276 18.4243 20.9243ZM19.7502 21.6252C19.5844 21.6252 19.4254 21.691 19.3082 21.8082C19.191 21.9254 19.1252 22.0844 19.1252 22.2502C19.1252 22.4159 19.191 22.5749 19.3082 22.6921C19.4254 22.8093 19.5844 22.8752 19.7502 22.8752C19.9159 22.8752 20.0749 22.8093 20.1921 22.6921C20.3093 22.5749 20.3752 22.4159 20.3752 22.2502C20.3752 22.0844 20.3093 21.9254 20.1921 21.8082C20.0749 21.691 19.9159 21.6252 19.7502 21.6252Z" fill="white"></path></svg></span></div><span class="txt_box sr-only">장바구니버튼</span></button></div></div></div></div><div class="txt_wrap mt_8" style="overflow:hidden"><div class="flex_side"><button class="none_style_btn btn_brand_name"><span class="txt_box">AMH</span></button><ul class="icon_list"><li class="tooltip_area p_relative swiper-no-swiping"><div id="__MoreInfoButton__"><button class="none_style_btn"><span class="dp_i_flex svg_box "><svg width="16" height="16" viewBox="0 0 16 17" fill="none" xmlns="http://www.w3.org/2000/svg"><path d="M8.00001 5.66671C7.8468 5.66671 7.69509 5.63653 7.55355 5.5779C7.412 5.51927 7.28339 5.43333 7.17505 5.325C7.06672 5.21666 6.98078 5.08805 6.92215 4.9465C6.86352 4.80496 6.83334 4.65325 6.83334 4.50004C6.83334 4.34683 6.86352 4.19512 6.92215 4.05358C6.98078 3.91203 7.06672 3.78342 7.17505 3.67508C7.28339 3.56675 7.412 3.48081 7.55355 3.42218C7.69509 3.36355 7.8468 3.33337 8.00001 3.33337C8.30943 3.33337 8.60618 3.45629 8.82497 3.67508C9.04376 3.89388 9.16668 4.19062 9.16668 4.50004C9.16668 4.80946 9.04376 5.10621 8.82497 5.325C8.60618 5.54379 8.30943 5.66671 8.00001 5.66671ZM8.00001 9.66671C7.69059 9.66671 7.39384 9.54379 7.17505 9.325C6.95626 9.10621 6.83334 8.80946 6.83334 8.50004C6.83334 8.19062 6.95626 7.89388 7.17505 7.67508C7.39384 7.45629 7.69059 7.33337 8.00001 7.33337C8.30943 7.33337 8.60618 7.45629 8.82497 7.67508C9.04376 7.89388 9.16668 8.19062 9.16668 8.50004C9.16668 8.80946 9.04376 9.10621 8.82497 9.325C8.60618 9.54379 8.30943 9.66671 8.00001 9.66671ZM6.83334 12.5C6.83334 12.8095 6.95626 13.1062 7.17505 13.325C7.39384 13.5438 7.69059 13.6667 8.00001 13.6667C8.30943 13.6667 8.60618 13.5438 8.82497 13.325C9.04376 13.1062 9.16668 12.8095 9.16668 12.5C9.16668 12.1906 9.04376 11.8939 8.82497 11.6751C8.60618 11.4563 8.30943 11.3334 8.00001 11.3334C7.69059 11.3334 7.39384 11.4563 7.17505 11.6751C6.95626 11.8939 6.83334 12.1906 6.83334 12.5Z" fill="#232221"></path></svg></span></button></div></li></ul></div><ul class="category_wrap"><li class="category_info storage_type"><span class="dp_i_flex svg_box "><svg width="12" height="12" viewBox="0 0 12 12" fill="none" xmlns="http://www.w3.org/2000/svg"><path d="M5.875 1C5.97446 1 6.06984 1.03951 6.14016 1.10983C6.21049 1.18016 6.25 1.27554 6.25 1.375V2.9525L7.3165 1.8855C7.35133 1.85067 7.39269 1.82304 7.4382 1.80418C7.48371 1.78533 7.53249 1.77563 7.58175 1.77563C7.63101 1.77563 7.67979 1.78533 7.7253 1.80418C7.77081 1.82304 7.81217 1.85067 7.847 1.8855C7.88183 1.92033 7.90946 1.96169 7.92832 2.0072C7.94717 2.05271 7.95687 2.10149 7.95687 2.15075C7.95687 2.20001 7.94717 2.24879 7.92832 2.2943C7.90946 2.33981 7.88183 2.38117 7.847 2.416L6.25 4.013V5.5H7.737L9.334 3.903C9.40509 3.83676 9.49911 3.8007 9.59626 3.80241C9.69341 3.80413 9.7861 3.84348 9.85481 3.91219C9.92352 3.9809 9.96287 4.07359 9.96459 4.17074C9.9663 4.26789 9.93024 4.36191 9.864 4.433L8.798 5.5H10.3755C10.475 5.5 10.5703 5.53951 10.6407 5.60984C10.711 5.68016 10.7505 5.77554 10.7505 5.875C10.7505 5.97446 10.711 6.06984 10.6407 6.14016C10.5703 6.21049 10.475 6.25 10.3755 6.25H8.798L9.865 7.3165C9.89983 7.35133 9.92746 7.39269 9.94632 7.4382C9.96517 7.48371 9.97487 7.53249 9.97487 7.58175C9.97487 7.63101 9.96517 7.67979 9.94632 7.7253C9.92746 7.77081 9.89983 7.81217 9.865 7.847C9.83017 7.88183 9.78881 7.90946 9.7433 7.92832C9.69779 7.94717 9.64901 7.95687 9.59975 7.95687C9.55049 7.95687 9.50171 7.94717 9.4562 7.92832C9.41069 7.90946 9.36933 7.88183 9.3345 7.847L7.737 6.25H6.25V7.737L7.847 9.334C7.91324 9.40509 7.9493 9.49911 7.94759 9.59626C7.94587 9.69341 7.90652 9.7861 7.83781 9.85481C7.7691 9.92352 7.67641 9.96287 7.57926 9.96459C7.48211 9.9663 7.38809 9.93024 7.317 9.864L6.25 8.798V10.3755C6.25 10.475 6.21049 10.5703 6.14016 10.6407C6.06984 10.711 5.97446 10.7505 5.875 10.7505C5.77554 10.7505 5.68016 10.711 5.60984 10.6407C5.53951 10.5703 5.5 10.475 5.5 10.3755V8.798L4.4335 9.865C4.39867 9.89983 4.35731 9.92746 4.3118 9.94632C4.26629 9.96517 4.21751 9.97487 4.16825 9.97487C4.11899 9.97487 4.07021 9.96517 4.0247 9.94632C3.97919 9.92746 3.93783 9.89983 3.903 9.865C3.86817 9.83017 3.84054 9.78881 3.82168 9.7433C3.80283 9.69779 3.79313 9.64901 3.79313 9.59975C3.79313 9.55049 3.80283 9.50171 3.82168 9.4562C3.84054 9.41069 3.86817 9.36933 3.903 9.3345L5.5 7.737V6.25H4.013L2.416 7.847C2.34491 7.91324 2.25089 7.9493 2.15374 7.94759C2.05659 7.94587 1.9639 7.90652 1.89519 7.83781C1.82648 7.7691 1.78713 7.67641 1.78541 7.57926C1.7837 7.48211 1.81976 7.38809 1.886 7.317L2.952 6.25H1.375C1.27554 6.25 1.18016 6.21049 1.10983 6.14016C1.03951 6.06984 1 5.97446 1 5.875C1 5.77554 1.03951 5.68016 1.10983 5.60984C1.18016 5.53951 1.27554 5.5 1.375 5.5H2.9525L1.885 4.4335C1.81465 4.36315 1.77513 4.26774 1.77513 4.16825C1.77513 4.06876 1.81465 3.97335 1.885 3.903C1.95535 3.83265 2.05076 3.79313 2.15025 3.79313C2.24974 3.79313 2.34515 3.83265 2.4155 3.903L4.013 5.5H5.5V4.013L3.903 2.416C3.86616 2.38167 3.83661 2.34027 3.81611 2.29427C3.79561 2.24827 3.78459 2.19861 3.7837 2.14826C3.78282 2.09791 3.79208 2.0479 3.81094 2.0012C3.8298 1.95451 3.85787 1.91209 3.89348 1.87648C3.92909 1.84087 3.97151 1.8128 4.0182 1.79394C4.0649 1.77508 4.11491 1.76582 4.16526 1.7667C4.21561 1.76759 4.26527 1.77861 4.31127 1.79911C4.35727 1.81961 4.39867 1.84916 4.433 1.886L5.5 2.952V1.375C5.5 1.27554 5.53951 1.18016 5.60984 1.10983C5.68016 1.03951 5.77554 1 5.875 1Z" fill="#318CF7"></path></svg></span><span class="txt_box" style="color:#318CF7">냉동</span></li><li class="category_info flex_all_center gap_2"><span class="txt_box">수입소</span><span class="dp_i_flex svg_box "><svg xmlns="http://www.w3.org/2000/svg" width="8" height="8" viewBox="0 0 12 12" fill="none"><path d="M4.14678 2.14652C4.05305 2.24028 4.00039 2.36743 4.00039 2.50002C4.00039 2.6326 4.05305 2.75975 4.14678 2.85352L7.29328 6.00002L4.14678 9.14651C4.09903 9.19264 4.06094 9.24781 4.03473 9.30881C4.00853 9.36981 3.99474 9.43543 3.99416 9.50181C3.99358 9.5682 4.00623 9.63404 4.03137 9.69549C4.05651 9.75694 4.09364 9.81277 4.14059 9.85971C4.18753 9.90666 4.24336 9.94379 4.30481 9.96893C4.36626 9.99407 4.4321 10.0067 4.49849 10.0061C4.56487 10.0056 4.63048 9.99177 4.69149 9.96557C4.75249 9.93936 4.80766 9.90127 4.85378 9.85352L8.35379 6.35352C8.44752 6.25975 8.50018 6.1326 8.50018 6.00002C8.50018 5.86743 8.44752 5.74028 8.35379 5.64652L4.85378 2.14652C4.76002 2.05278 4.63287 2.00012 4.50028 2.00012C4.3677 2.00012 4.24055 2.05278 4.14678 2.14652Z" fill="#BABEC4"></path></svg></span><span class="txt_box">세절&amp;분쇄</span></li></ul><p class="product_name">[업소용/절단] 차돌양지 - 호주 | AMH - GF</p><span class="sample_grey_text">덩어리/샤브샤브 추천 (20kg벌크)</span><div class="price_wrap"><span class="price_info"><em>218,700원</em></span><span class="price_unit">kg당 14,580원 | 총 15kg</span></div><div class="txt_label_wrap"><span class="txt_area_label label--freshPack"><span class="label__text">신선배송</span></span></div><ul class="rating_wrap"><li class="rating_star"><span class="dp_i_flex svg_box "><svg width="12" height="12" viewBox="0 0 16 17" fill="none" xmlns="http://www.w3.org/2000/svg"><path d="M3.91761 15.2225C4.16353 15.4174 4.47604 15.3483 4.84825 15.0654L8.02416 12.6269L11.2062 15.0654C11.5784 15.3483 11.8845 15.4174 12.1369 15.2225C12.3828 15.0276 12.4371 14.7071 12.287 14.2483L11.032 10.3393L14.2382 7.92602C14.6104 7.64956 14.7605 7.36023 14.6644 7.04624C14.5684 6.74457 14.2861 6.59361 13.8239 6.60004L9.89133 6.62498L8.69659 2.6972C8.55262 2.23224 8.33668 1.99976 8.02416 1.99976C7.71804 1.99976 7.50184 2.23224 7.35762 2.6972L6.16288 6.62498L2.23052 6.60004C1.76815 6.59361 1.48611 6.74457 1.39005 7.04624C1.28784 7.3605 1.44384 7.64956 1.81631 7.92602L5.02218 10.3393L3.7675 14.2483C3.61739 14.7071 3.67144 15.0276 3.91761 15.2225Z" fill="#FFC42F"></path></svg></span><span class="txt_box">5.0</span></li><li><span class="txt_box">재고 <!-- -->9</span></li></ul></div></div></div></div><div class="swiper-slide"><div class="bgInherit" style="cursor:pointer"><div role="button" class="product_card type1 stack_vertical false"><div class="img_wrap"><div class="bg_wrap"><p class="absolute_full"><img alt="상품_섬네일_이미지" loading="lazy" width="500" height="500" decoding="async" data-nimg="1" class="full_image" style="color:transparent" src="https://img-cdn.meatbox.co.kr/m/images/itemImage/2025/04/23/11/03/mo_thumb_productThumbnail_139751_20250423110304.jpg"/></p><div class="label_area" style="cursor:pointer"><div class="balloon_label pink  "><span class="txt_box">품절 예정</span><span class="angle-pixel left_top"></span></div><div class="none_style_btn cart_button"><button class="clear_button " type="button"><div class="p_relative util_item"><span class="dp_i_flex svg_box "><svg width="32" height="32" viewBox="0 0 32 32" fill="none" xmlns="http://www.w3.org/2000/svg"><path d="M0 16C0 7.16344 7.16344 0 16 0C24.8366 0 32 7.16344 32 16C32 24.8366 24.8366 32 16 32C7.16344 32 0 24.8366 0 16Z" fill="#232221" fill-opacity="0.5"></path><path fill-rule="evenodd" clip-rule="evenodd" d="M8.32286 7.90084C8.65386 7.80292 9.00157 7.99187 9.09949 8.32286L9.55871 9.87516H21.7702C23.3041 9.87516 24.4742 11.305 24.0321 12.8005L22.6537 17.4672C22.359 18.4613 21.4274 19.1252 20.3918 19.1252H12.7602C11.7241 19.1252 10.7914 18.4613 10.4975 17.4674L7.90084 8.67746C7.80292 8.34647 7.99187 7.99876 8.32286 7.90084ZM9.92806 11.1252L11.6962 17.1129C11.8256 17.5507 12.2513 17.8752 12.7602 17.8752H20.3918C20.8994 17.8752 21.3246 17.5519 21.455 17.1129L22.8333 12.4465C23.0209 11.8121 22.5328 11.1252 21.7702 11.1252H9.92806ZM11.7577 20.9243C12.1093 20.5727 12.5862 20.3752 13.0835 20.3752C13.5808 20.3752 14.0577 20.5727 14.4093 20.9243C14.761 21.276 14.9585 21.7529 14.9585 22.2502C14.9585 22.7474 14.761 23.2244 14.4093 23.576C14.0577 23.9276 13.5808 24.1252 13.0835 24.1252C12.5862 24.1252 12.1093 23.9276 11.7577 23.576C11.406 23.2244 11.2085 22.7474 11.2085 22.2502C11.2085 21.7529 11.406 21.276 11.7577 20.9243ZM13.0835 21.6252C12.9177 21.6252 12.7588 21.691 12.6416 21.8082C12.5243 21.9254 12.4585 22.0844 12.4585 22.2502C12.4585 22.4159 12.5243 22.5749 12.6416 22.6921C12.7588 22.8093 12.9177 22.8752 13.0835 22.8752C13.2493 22.8752 13.4082 22.8093 13.5254 22.6921C13.6426 22.5749 13.7085 22.4159 13.7085 22.2502C13.7085 22.0844 13.6426 21.9254 13.5254 21.8082C13.4082 21.691 13.2493 21.6252 13.0835 21.6252ZM18.4243 20.9243C18.776 20.5727 19.2529 20.3752 19.7502 20.3752C20.2474 20.3752 20.7244 20.5727 21.076 20.9243C21.4276 21.276 21.6252 21.7529 21.6252 22.2502C21.6252 22.7474 21.4276 23.2244 21.076 23.576C20.7244 23.9276 20.2474 24.1252 19.7502 24.1252C19.2529 24.1252 18.776 23.9276 18.4243 23.576C18.0727 23.2244 17.8752 22.7474 17.8752 22.2502C17.8752 21.7529 18.0727 21.276 18.4243 20.9243ZM19.7502 21.6252C19.5844 21.6252 19.4254 21.691 19.3082 21.8082C19.191 21.9254 19.1252 22.0844 19.1252 22.2502C19.1252 22.4159 19.191 22.5749 19.3082 22.6921C19.4254 22.8093 19.5844 22.8752 19.7502 22.8752C19.9159 22.8752 20.0749 22.8093 20.1921 22.6921C20.3093 22.5749 20.3752 22.4159 20.3752 22.2502C20.3752 22.0844 20.3093 21.9254 20.1921 21.8082C20.0749 21.691 19.9159 21.6252 19.7502 21.6252Z" fill="white"></path></svg></span></div><span class="txt_box sr-only">장바구니버튼</span></button></div></div></div></div><div class="txt_wrap mt_8" style="overflow:hidden"><div class="flex_side"><button class="none_style_btn btn_brand_name"><span class="txt_box">킬코이</span></button><ul class="icon_list"><li class="tooltip_area p_relative swiper-no-swiping"><div id="__MoreInfoButton__"><button class="none_style_btn"><span class="dp_i_flex svg_box "><svg width="16" height="16" viewBox="0 0 16 17" fill="none" xmlns="http://www.w3.org/2000/svg"><path d="M8.00001 5.66671C7.8468 5.66671 7.69509 5.63653 7.55355 5.5779C7.412 5.51927 7.28339 5.43333 7.17505 5.325C7.06672 5.21666 6.98078 5.08805 6.92215 4.9465C6.86352 4.80496 6.83334 4.65325 6.83334 4.50004C6.83334 4.34683 6.86352 4.19512 6.92215 4.05358C6.98078 3.91203 7.06672 3.78342 7.17505 3.67508C7.28339 3.56675 7.412 3.48081 7.55355 3.42218C7.69509 3.36355 7.8468 3.33337 8.00001 3.33337C8.30943 3.33337 8.60618 3.45629 8.82497 3.67508C9.04376 3.89388 9.16668 4.19062 9.16668 4.50004C9.16668 4.80946 9.04376 5.10621 8.82497 5.325C8.60618 5.54379 8.30943 5.66671 8.00001 5.66671ZM8.00001 9.66671C7.69059 9.66671 7.39384 9.54379 7.17505 9.325C6.95626 9.10621 6.83334 8.80946 6.83334 8.50004C6.83334 8.19062 6.95626 7.89388 7.17505 7.67508C7.39384 7.45629 7.69059 7.33337 8.00001 7.33337C8.30943 7.33337 8.60618 7.45629 8.82497 7.67508C9.04376 7.89388 9.16668 8.19062 9.16668 8.50004C9.16668 8.80946 9.04376 9.10621 8.82497 9.325C8.60618 9.54379 8.30943 9.66671 8.00001 9.66671ZM6.83334 12.5C6.83334 12.8095 6.95626 13.1062 7.17505 13.325C7.39384 13.5438 7.69059 13.6667 8.00001 13.6667C8.30943 13.6667 8.60618 13.5438 8.82497 13.325C9.04376 13.1062 9.16668 12.8095 9.16668 12.5C9.16668 12.1906 9.04376 11.8939 8.82497 11.6751C8.60618 11.4563 8.30943 11.3334 8.00001 11.3334C7.69059 11.3334 7.39384 11.4563 7.17505 11.6751C6.95626 11.8939 6.83334 12.1906 6.83334 12.5Z" fill="#232221"></path></svg></span></button></div></li></ul></div><ul class="category_wrap"><li class="category_info storage_type"><span class="dp_i_flex svg_box "><svg width="12" height="12" viewBox="0 0 12 12" fill="none" xmlns="http://www.w3.org/2000/svg"><path d="M5.875 1C5.97446 1 6.06984 1.03951 6.14016 1.10983C6.21049 1.18016 6.25 1.27554 6.25 1.375V2.9525L7.3165 1.8855C7.35133 1.85067 7.39269 1.82304 7.4382 1.80418C7.48371 1.78533 7.53249 1.77563 7.58175 1.77563C7.63101 1.77563 7.67979 1.78533 7.7253 1.80418C7.77081 1.82304 7.81217 1.85067 7.847 1.8855C7.88183 1.92033 7.90946 1.96169 7.92832 2.0072C7.94717 2.05271 7.95687 2.10149 7.95687 2.15075C7.95687 2.20001 7.94717 2.24879 7.92832 2.2943C7.90946 2.33981 7.88183 2.38117 7.847 2.416L6.25 4.013V5.5H7.737L9.334 3.903C9.40509 3.83676 9.49911 3.8007 9.59626 3.80241C9.69341 3.80413 9.7861 3.84348 9.85481 3.91219C9.92352 3.9809 9.96287 4.07359 9.96459 4.17074C9.9663 4.26789 9.93024 4.36191 9.864 4.433L8.798 5.5H10.3755C10.475 5.5 10.5703 5.53951 10.6407 5.60984C10.711 5.68016 10.7505 5.77554 10.7505 5.875C10.7505 5.97446 10.711 6.06984 10.6407 6.14016C10.5703 6.21049 10.475 6.25 10.3755 6.25H8.798L9.865 7.3165C9.89983 7.35133 9.92746 7.39269 9.94632 7.4382C9.96517 7.48371 9.97487 7.53249 9.97487 7.58175C9.97487 7.63101 9.96517 7.67979 9.94632 7.7253C9.92746 7.77081 9.89983 7.81217 9.865 7.847C9.83017 7.88183 9.78881 7.90946 9.7433 7.92832C9.69779 7.94717 9.64901 7.95687 9.59975 7.95687C9.55049 7.95687 9.50171 7.94717 9.4562 7.92832C9.41069 7.90946 9.36933 7.88183 9.3345 7.847L7.737 6.25H6.25V7.737L7.847 9.334C7.91324 9.40509 7.9493 9.49911 7.94759 9.59626C7.94587 9.69341 7.90652 9.7861 7.83781 9.85481C7.7691 9.92352 7.67641 9.96287 7.57926 9.96459C7.48211 9.9663 7.38809 9.93024 7.317 9.864L6.25 8.798V10.3755C6.25 10.475 6.21049 10.5703 6.14016 10.6407C6.06984 10.711 5.97446 10.7505 5.875 10.7505C5.77554 10.7505 5.68016 10.711 5.60984 10.6407C5.53951 10.5703 5.5 10.475 5.5 10.3755V8.798L4.4335 9.865C4.39867 9.89983 4.35731 9.92746 4.3118 9.94632C4.26629 9.96517 4.21751 9.97487 4.16825 9.97487C4.11899 9.97487 4.07021 9.96517 4.0247 9.94632C3.97919 9.92746 3.93783 9.89983 3.903 9.865C3.86817 9.83017 3.84054 9.78881 3.82168 9.7433C3.80283 9.69779 3.79313 9.64901 3.79313 9.59975C3.79313 9.55049 3.80283 9.50171 3.82168 9.4562C3.84054 9.41069 3.86817 9.36933 3.903 9.3345L5.5 7.737V6.25H4.013L2.416 7.847C2.34491 7.91324 2.25089 7.9493 2.15374 7.94759C2.05659 7.94587 1.9639 7.90652 1.89519 7.83781C1.82648 7.7691 1.78713 7.67641 1.78541 7.57926C1.7837 7.48211 1.81976 7.38809 1.886 7.317L2.952 6.25H1.375C1.27554 6.25 1.18016 6.21049 1.10983 6.14016C1.03951 6.06984 1 5.97446 1 5.875C1 5.77554 1.03951 5.68016 1.10983 5.60984C1.18016 5.53951 1.27554 5.5 1.375 5.5H2.9525L1.885 4.4335C1.81465 4.36315 1.77513 4.26774 1.77513 4.16825C1.77513 4.06876 1.81465 3.97335 1.885 3.903C1.95535 3.83265 2.05076 3.79313 2.15025 3.79313C2.24974 3.79313 2.34515 3.83265 2.4155 3.903L4.013 5.5H5.5V4.013L3.903 2.416C3.86616 2.38167 3.83661 2.34027 3.81611 2.29427C3.79561 2.24827 3.78459 2.19861 3.7837 2.14826C3.78282 2.09791 3.79208 2.0479 3.81094 2.0012C3.8298 1.95451 3.85787 1.91209 3.89348 1.87648C3.92909 1.84087 3.97151 1.8128 4.0182 1.79394C4.0649 1.77508 4.11491 1.76582 4.16526 1.7667C4.21561 1.76759 4.26527 1.77861 4.31127 1.79911C4.35727 1.81961 4.39867 1.84916 4.433 1.886L5.5 2.952V1.375C5.5 1.27554 5.53951 1.18016 5.60984 1.10983C5.68016 1.03951 5.77554 1 5.875 1Z" fill="#318CF7"></path></svg></span><span class="txt_box" style="color:#318CF7">냉동</span></li><li class="category_info flex_all_center gap_2"><span class="txt_box">수입소</span><span class="dp_i_flex svg_box "><svg xmlns="http://www.w3.org/2000/svg" width="8" height="8" viewBox="0 0 12 12" fill="none"><path d="M4.14678 2.14652C4.05305 2.24028 4.00039 2.36743 4.00039 2.50002C4.00039 2.6326 4.05305 2.75975 4.14678 2.85352L7.29328 6.00002L4.14678 9.14651C4.09903 9.19264 4.06094 9.24781 4.03473 9.30881C4.00853 9.36981 3.99474 9.43543 3.99416 9.50181C3.99358 9.5682 4.00623 9.63404 4.03137 9.69549C4.05651 9.75694 4.09364 9.81277 4.14059 9.85971C4.18753 9.90666 4.24336 9.94379 4.30481 9.96893C4.36626 9.99407 4.4321 10.0067 4.49849 10.0061C4.56487 10.0056 4.63048 9.99177 4.69149 9.96557C4.75249 9.93936 4.80766 9.90127 4.85378 9.85352L8.35379 6.35352C8.44752 6.25975 8.50018 6.1326 8.50018 6.00002C8.50018 5.86743 8.44752 5.74028 8.35379 5.64652L4.85378 2.14652C4.76002 2.05278 4.63287 2.00012 4.50028 2.00012C4.3677 2.00012 4.24055 2.05278 4.14678 2.14652Z" fill="#BABEC4"></path></svg></span><span class="txt_box">세절&amp;분쇄</span></li></ul><p class="product_name">[업소용/슬라이스] 부채살15mm - 호주 | 킬코이 - GF</p><span class="sample_grey_text">구이용/스테이크용 10kg(1kg*10ea) </span><div class="price_wrap"><span class="price_info"><em>169,800원</em></span><span class="price_unit">kg당 16,980원 | 총 10kg</span></div><div class="txt_label_wrap"><span class="txt_area_label label--warm"><span class="label__text">택배</span></span></div><ul class="rating_wrap"><li><span class="txt_box">재고 <!-- -->1</span></li></ul></div></div></div></div><div class="swiper-slide"><div class="bgInherit" style="cursor:pointer"><div role="button" class="product_card type1 stack_vertical false"><div class="img_wrap"><div class="bg_wrap"><p class="absolute_full"><img alt="상품_섬네일_이미지" loading="lazy" width="500" height="500" decoding="async" data-nimg="1" class="full_image" style="color:transparent" src="https://img-cdn.meatbox.co.kr/m/images/itemImage/2025/07/24/16/14/mo_thumb_productThumbnail_139751_20250724161425.jpg"/></p><div class="label_area" style="cursor:pointer"><div class="none_style_btn cart_button"><button class="clear_button " type="button"><div class="p_relative util_item"><span class="dp_i_flex svg_box "><svg width="32" height="32" viewBox="0 0 32 32" fill="none" xmlns="http://www.w3.org/2000/svg"><path d="M0 16C0 7.16344 7.16344 0 16 0C24.8366 0 32 7.16344 32 16C32 24.8366 24.8366 32 16 32C7.16344 32 0 24.8366 0 16Z" fill="#232221" fill-opacity="0.5"></path><path fill-rule="evenodd" clip-rule="evenodd" d="M8.32286 7.90084C8.65386 7.80292 9.00157 7.99187 9.09949 8.32286L9.55871 9.87516H21.7702C23.3041 9.87516 24.4742 11.305 24.0321 12.8005L22.6537 17.4672C22.359 18.4613 21.4274 19.1252 20.3918 19.1252H12.7602C11.7241 19.1252 10.7914 18.4613 10.4975 17.4674L7.90084 8.67746C7.80292 8.34647 7.99187 7.99876 8.32286 7.90084ZM9.92806 11.1252L11.6962 17.1129C11.8256 17.5507 12.2513 17.8752 12.7602 17.8752H20.3918C20.8994 17.8752 21.3246 17.5519 21.455 17.1129L22.8333 12.4465C23.0209 11.8121 22.5328 11.1252 21.7702 11.1252H9.92806ZM11.7577 20.9243C12.1093 20.5727 12.5862 20.3752 13.0835 20.3752C13.5808 20.3752 14.0577 20.5727 14.4093 20.9243C14.761 21.276 14.9585 21.7529 14.9585 22.2502C14.9585 22.7474 14.761 23.2244 14.4093 23.576C14.0577 23.9276 13.5808 24.1252 13.0835 24.1252C12.5862 24.1252 12.1093 23.9276 11.7577 23.576C11.406 23.2244 11.2085 22.7474 11.2085 22.2502C11.2085 21.7529 11.406 21.276 11.7577 20.9243ZM13.0835 21.6252C12.9177 21.6252 12.7588 21.691 12.6416 21.8082C12.5243 21.9254 12.4585 22.0844 12.4585 22.2502C12.4585 22.4159 12.5243 22.5749 12.6416 22.6921C12.7588 22.8093 12.9177 22.8752 13.0835 22.8752C13.2493 22.8752 13.4082 22.8093 13.5254 22.6921C13.6426 22.5749 13.7085 22.4159 13.7085 22.2502C13.7085 22.0844 13.6426 21.9254 13.5254 21.8082C13.4082 21.691 13.2493 21.6252 13.0835 21.6252ZM18.4243 20.9243C18.776 20.5727 19.2529 20.3752 19.7502 20.3752C20.2474 20.3752 20.7244 20.5727 21.076 20.9243C21.4276 21.276 21.6252 21.7529 21.6252 22.2502C21.6252 22.7474 21.4276 23.2244 21.076 23.576C20.7244 23.9276 20.2474 24.1252 19.7502 24.1252C19.2529 24.1252 18.776 23.9276 18.4243 23.576C18.0727 23.2244 17.8752 22.7474 17.8752 22.2502C17.8752 21.7529 18.0727 21.276 18.4243 20.9243ZM19.7502 21.6252C19.5844 21.6252 19.4254 21.691 19.3082 21.8082C19.191 21.9254 19.1252 22.0844 19.1252 22.2502C19.1252 22.4159 19.191 22.5749 19.3082 22.6921C19.4254 22.8093 19.5844 22.8752 19.7502 22.8752C19.9159 22.8752 20.0749 22.8093 20.1921 22.6921C20.3093 22.5749 20.3752 22.4159 20.3752 22.2502C20.3752 22.0844 20.3093 21.9254 20.1921 21.8082C20.0749 21.691 19.9159 21.6252 19.7502 21.6252Z" fill="white"></path></svg></span></div><span class="txt_box sr-only">장바구니버튼</span></button></div></div></div></div><div class="txt_wrap mt_8" style="overflow:hidden"><div class="flex_side"><button class="none_style_btn btn_brand_name"><span class="txt_box">엑셀</span></button><ul class="icon_list"><li class="tooltip_area p_relative swiper-no-swiping"><div id="__MoreInfoButton__"><button class="none_style_btn"><span class="dp_i_flex svg_box "><svg width="16" height="16" viewBox="0 0 16 17" fill="none" xmlns="http://www.w3.org/2000/svg"><path d="M8.00001 5.66671C7.8468 5.66671 7.69509 5.63653 7.55355 5.5779C7.412 5.51927 7.28339 5.43333 7.17505 5.325C7.06672 5.21666 6.98078 5.08805 6.92215 4.9465C6.86352 4.80496 6.83334 4.65325 6.83334 4.50004C6.83334 4.34683 6.86352 4.19512 6.92215 4.05358C6.98078 3.91203 7.06672 3.78342 7.17505 3.67508C7.28339 3.56675 7.412 3.48081 7.55355 3.42218C7.69509 3.36355 7.8468 3.33337 8.00001 3.33337C8.30943 3.33337 8.60618 3.45629 8.82497 3.67508C9.04376 3.89388 9.16668 4.19062 9.16668 4.50004C9.16668 4.80946 9.04376 5.10621 8.82497 5.325C8.60618 5.54379 8.30943 5.66671 8.00001 5.66671ZM8.00001 9.66671C7.69059 9.66671 7.39384 9.54379 7.17505 9.325C6.95626 9.10621 6.83334 8.80946 6.83334 8.50004C6.83334 8.19062 6.95626 7.89388 7.17505 7.67508C7.39384 7.45629 7.69059 7.33337 8.00001 7.33337C8.30943 7.33337 8.60618 7.45629 8.82497 7.67508C9.04376 7.89388 9.16668 8.19062 9.16668 8.50004C9.16668 8.80946 9.04376 9.10621 8.82497 9.325C8.60618 9.54379 8.30943 9.66671 8.00001 9.66671ZM6.83334 12.5C6.83334 12.8095 6.95626 13.1062 7.17505 13.325C7.39384 13.5438 7.69059 13.6667 8.00001 13.6667C8.30943 13.6667 8.60618 13.5438 8.82497 13.325C9.04376 13.1062 9.16668 12.8095 9.16668 12.5C9.16668 12.1906 9.04376 11.8939 8.82497 11.6751C8.60618 11.4563 8.30943 11.3334 8.00001 11.3334C7.69059 11.3334 7.39384 11.4563 7.17505 11.6751C6.95626 11.8939 6.83334 12.1906 6.83334 12.5Z" fill="#232221"></path></svg></span></button></div></li></ul></div><ul class="category_wrap"><li class="category_info storage_type"><span class="dp_i_flex svg_box "><svg width="12" height="12" viewBox="0 0 12 12" fill="none" xmlns="http://www.w3.org/2000/svg"><path d="M5.875 1C5.97446 1 6.06984 1.03951 6.14016 1.10983C6.21049 1.18016 6.25 1.27554 6.25 1.375V2.9525L7.3165 1.8855C7.35133 1.85067 7.39269 1.82304 7.4382 1.80418C7.48371 1.78533 7.53249 1.77563 7.58175 1.77563C7.63101 1.77563 7.67979 1.78533 7.7253 1.80418C7.77081 1.82304 7.81217 1.85067 7.847 1.8855C7.88183 1.92033 7.90946 1.96169 7.92832 2.0072C7.94717 2.05271 7.95687 2.10149 7.95687 2.15075C7.95687 2.20001 7.94717 2.24879 7.92832 2.2943C7.90946 2.33981 7.88183 2.38117 7.847 2.416L6.25 4.013V5.5H7.737L9.334 3.903C9.40509 3.83676 9.49911 3.8007 9.59626 3.80241C9.69341 3.80413 9.7861 3.84348 9.85481 3.91219C9.92352 3.9809 9.96287 4.07359 9.96459 4.17074C9.9663 4.26789 9.93024 4.36191 9.864 4.433L8.798 5.5H10.3755C10.475 5.5 10.5703 5.53951 10.6407 5.60984C10.711 5.68016 10.7505 5.77554 10.7505 5.875C10.7505 5.97446 10.711 6.06984 10.6407 6.14016C10.5703 6.21049 10.475 6.25 10.3755 6.25H8.798L9.865 7.3165C9.89983 7.35133 9.92746 7.39269 9.94632 7.4382C9.96517 7.48371 9.97487 7.53249 9.97487 7.58175C9.97487 7.63101 9.96517 7.67979 9.94632 7.7253C9.92746 7.77081 9.89983 7.81217 9.865 7.847C9.83017 7.88183 9.78881 7.90946 9.7433 7.92832C9.69779 7.94717 9.64901 7.95687 9.59975 7.95687C9.55049 7.95687 9.50171 7.94717 9.4562 7.92832C9.41069 7.90946 9.36933 7.88183 9.3345 7.847L7.737 6.25H6.25V7.737L7.847 9.334C7.91324 9.40509 7.9493 9.49911 7.94759 9.59626C7.94587 9.69341 7.90652 9.7861 7.83781 9.85481C7.7691 9.92352 7.67641 9.96287 7.57926 9.96459C7.48211 9.9663 7.38809 9.93024 7.317 9.864L6.25 8.798V10.3755C6.25 10.475 6.21049 10.5703 6.14016 10.6407C6.06984 10.711 5.97446 10.7505 5.875 10.7505C5.77554 10.7505 5.68016 10.711 5.60984 10.6407C5.53951 10.5703 5.5 10.475 5.5 10.3755V8.798L4.4335 9.865C4.39867 9.89983 4.35731 9.92746 4.3118 9.94632C4.26629 9.96517 4.21751 9.97487 4.16825 9.97487C4.11899 9.97487 4.07021 9.96517 4.0247 9.94632C3.97919 9.92746 3.93783 9.89983 3.903 9.865C3.86817 9.83017 3.84054 9.78881 3.82168 9.7433C3.80283 9.69779 3.79313 9.64901 3.79313 9.59975C3.79313 9.55049 3.80283 9.50171 3.82168 9.4562C3.84054 9.41069 3.86817 9.36933 3.903 9.3345L5.5 7.737V6.25H4.013L2.416 7.847C2.34491 7.91324 2.25089 7.9493 2.15374 7.94759C2.05659 7.94587 1.9639 7.90652 1.89519 7.83781C1.82648 7.7691 1.78713 7.67641 1.78541 7.57926C1.7837 7.48211 1.81976 7.38809 1.886 7.317L2.952 6.25H1.375C1.27554 6.25 1.18016 6.21049 1.10983 6.14016C1.03951 6.06984 1 5.97446 1 5.875C1 5.77554 1.03951 5.68016 1.10983 5.60984C1.18016 5.53951 1.27554 5.5 1.375 5.5H2.9525L1.885 4.4335C1.81465 4.36315 1.77513 4.26774 1.77513 4.16825C1.77513 4.06876 1.81465 3.97335 1.885 3.903C1.95535 3.83265 2.05076 3.79313 2.15025 3.79313C2.24974 3.79313 2.34515 3.83265 2.4155 3.903L4.013 5.5H5.5V4.013L3.903 2.416C3.86616 2.38167 3.83661 2.34027 3.81611 2.29427C3.79561 2.24827 3.78459 2.19861 3.7837 2.14826C3.78282 2.09791 3.79208 2.0479 3.81094 2.0012C3.8298 1.95451 3.85787 1.91209 3.89348 1.87648C3.92909 1.84087 3.97151 1.8128 4.0182 1.79394C4.0649 1.77508 4.11491 1.76582 4.16526 1.7667C4.21561 1.76759 4.26527 1.77861 4.31127 1.79911C4.35727 1.81961 4.39867 1.84916 4.433 1.886L5.5 2.952V1.375C5.5 1.27554 5.53951 1.18016 5.60984 1.10983C5.68016 1.03951 5.77554 1 5.875 1Z" fill="#318CF7"></path></svg></span><span class="txt_box" style="color:#318CF7">냉동</span></li><li class="category_info flex_all_center gap_2"><span class="txt_box">수입소</span><span class="dp_i_flex svg_box "><svg xmlns="http://www.w3.org/2000/svg" width="8" height="8" viewBox="0 0 12 12" fill="none"><path d="M4.14678 2.14652C4.05305 2.24028 4.00039 2.36743 4.00039 2.50002C4.00039 2.6326 4.05305 2.75975 4.14678 2.85352L7.29328 6.00002L4.14678 9.14651C4.09903 9.19264 4.06094 9.24781 4.03473 9.30881C4.00853 9.36981 3.99474 9.43543 3.99416 9.50181C3.99358 9.5682 4.00623 9.63404 4.03137 9.69549C4.05651 9.75694 4.09364 9.81277 4.14059 9.85971C4.18753 9.90666 4.24336 9.94379 4.30481 9.96893C4.36626 9.99407 4.4321 10.0067 4.49849 10.0061C4.56487 10.0056 4.63048 9.99177 4.69149 9.96557C4.75249 9.93936 4.80766 9.90127 4.85378 9.85352L8.35379 6.35352C8.44752 6.25975 8.50018 6.1326 8.50018 6.00002C8.50018 5.86743 8.44752 5.74028 8.35379 5.64652L4.85378 2.14652C4.76002 2.05278 4.63287 2.00012 4.50028 2.00012C4.3677 2.00012 4.24055 2.05278 4.14678 2.14652Z" fill="#BABEC4"></path></svg></span><span class="txt_box">세절&amp;분쇄</span></li></ul><p class="product_name">[업소용/다짐육] 양지 - 미국 | 엑셀 - 언그레이드</p><span class="sample_grey_text">새로운 상품 입니다 다짐육 20kg(1kg*20봉) 실물 이미지</span><div class="price_wrap"><span class="price_info"><em>135,600원</em></span><span class="price_unit">kg당 6,780원 | 총 20kg</span></div><div class="txt_label_wrap"><span class="txt_area_label label--freshPack"><span class="label__text">신선배송</span></span></div><ul class="rating_wrap"><li><span class="txt_box">재고 <!-- -->10</span></li></ul></div></div></div></div><div class="swiper-slide"><div class="bgInherit" style="cursor:pointer"><div role="button" class="product_card type1 stack_vertical false"><div class="img_wrap"><div class="bg_wrap"><p class="absolute_full"><img alt="상품_섬네일_이미지" loading="lazy" width="500" height="500" decoding="async" data-nimg="1" class="full_image" style="color:transparent" src="https://img-cdn.meatbox.co.kr/m/images/itemImage/2025/06/12/16/42/mo_thumb_productThumbnail_139751_20250612164255.jpg"/></p><div class="label_area" style="cursor:pointer"><div class="none_style_btn cart_button"><button class="clear_button " type="button"><div class="p_relative util_item"><span class="dp_i_flex svg_box "><svg width="32" height="32" viewBox="0 0 32 32" fill="none" xmlns="http://www.w3.org/2000/svg"><path d="M0 16C0 7.16344 7.16344 0 16 0C24.8366 0 32 7.16344 32 16C32 24.8366 24.8366 32 16 32C7.16344 32 0 24.8366 0 16Z" fill="#232221" fill-opacity="0.5"></path><path fill-rule="evenodd" clip-rule="evenodd" d="M8.32286 7.90084C8.65386 7.80292 9.00157 7.99187 9.09949 8.32286L9.55871 9.87516H21.7702C23.3041 9.87516 24.4742 11.305 24.0321 12.8005L22.6537 17.4672C22.359 18.4613 21.4274 19.1252 20.3918 19.1252H12.7602C11.7241 19.1252 10.7914 18.4613 10.4975 17.4674L7.90084 8.67746C7.80292 8.34647 7.99187 7.99876 8.32286 7.90084ZM9.92806 11.1252L11.6962 17.1129C11.8256 17.5507 12.2513 17.8752 12.7602 17.8752H20.3918C20.8994 17.8752 21.3246 17.5519 21.455 17.1129L22.8333 12.4465C23.0209 11.8121 22.5328 11.1252 21.7702 11.1252H9.92806ZM11.7577 20.9243C12.1093 20.5727 12.5862 20.3752 13.0835 20.3752C13.5808 20.3752 14.0577 20.5727 14.4093 20.9243C14.761 21.276 14.9585 21.7529 14.9585 22.2502C14.9585 22.7474 14.761 23.2244 14.4093 23.576C14.0577 23.9276 13.5808 24.1252 13.0835 24.1252C12.5862 24.1252 12.1093 23.9276 11.7577 23.576C11.406 23.2244 11.2085 22.7474 11.2085 22.2502C11.2085 21.7529 11.406 21.276 11.7577 20.9243ZM13.0835 21.6252C12.9177 21.6252 12.7588 21.691 12.6416 21.8082C12.5243 21.9254 12.4585 22.0844 12.4585 22.2502C12.4585 22.4159 12.5243 22.5749 12.6416 22.6921C12.7588 22.8093 12.9177 22.8752 13.0835 22.8752C13.2493 22.8752 13.4082 22.8093 13.5254 22.6921C13.6426 22.5749 13.7085 22.4159 13.7085 22.2502C13.7085 22.0844 13.6426 21.9254 13.5254 21.8082C13.4082 21.691 13.2493 21.6252 13.0835 21.6252ZM18.4243 20.9243C18.776 20.5727 19.2529 20.3752 19.7502 20.3752C20.2474 20.3752 20.7244 20.5727 21.076 20.9243C21.4276 21.276 21.6252 21.7529 21.6252 22.2502C21.6252 22.7474 21.4276 23.2244 21.076 23.576C20.7244 23.9276 20.2474 24.1252 19.7502 24.1252C19.2529 24.1252 18.776 23.9276 18.4243 23.576C18.0727 23.2244 17.8752 22.7474 17.8752 22.2502C17.8752 21.7529 18.0727 21.276 18.4243 20.9243ZM19.7502 21.6252C19.5844 21.6252 19.4254 21.691 19.3082 21.8082C19.191 21.9254 19.1252 22.0844 19.1252 22.2502C19.1252 22.4159 19.191 22.5749 19.3082 22.6921C19.4254 22.8093 19.5844 22.8752 19.7502 22.8752C19.9159 22.8752 20.0749 22.8093 20.1921 22.6921C20.3093 22.5749 20.3752 22.4159 20.3752 22.2502C20.3752 22.0844 20.3093 21.9254 20.1921 21.8082C20.0749 21.691 19.9159 21.6252 19.7502 21.6252Z" fill="white"></path></svg></span></div><span class="txt_box sr-only">장바구니버튼</span></button></div></div></div></div><div class="txt_wrap mt_8" style="overflow:hidden"><div class="flex_side"><button class="none_style_btn btn_brand_name"><span class="txt_box">AMH</span></button><ul class="icon_list"><li class="tooltip_area p_relative swiper-no-swiping"><div id="__MoreInfoButton__"><button class="none_style_btn"><span class="dp_i_flex svg_box "><svg width="16" height="16" viewBox="0 0 16 17" fill="none" xmlns="http://www.w3.org/2000/svg"><path d="M8.00001 5.66671C7.8468 5.66671 7.69509 5.63653 7.55355 5.5779C7.412 5.51927 7.28339 5.43333 7.17505 5.325C7.06672 5.21666 6.98078 5.08805 6.92215 4.9465C6.86352 4.80496 6.83334 4.65325 6.83334 4.50004C6.83334 4.34683 6.86352 4.19512 6.92215 4.05358C6.98078 3.91203 7.06672 3.78342 7.17505 3.67508C7.28339 3.56675 7.412 3.48081 7.55355 3.42218C7.69509 3.36355 7.8468 3.33337 8.00001 3.33337C8.30943 3.33337 8.60618 3.45629 8.82497 3.67508C9.04376 3.89388 9.16668 4.19062 9.16668 4.50004C9.16668 4.80946 9.04376 5.10621 8.82497 5.325C8.60618 5.54379 8.30943 5.66671 8.00001 5.66671ZM8.00001 9.66671C7.69059 9.66671 7.39384 9.54379 7.17505 9.325C6.95626 9.10621 6.83334 8.80946 6.83334 8.50004C6.83334 8.19062 6.95626 7.89388 7.17505 7.67508C7.39384 7.45629 7.69059 7.33337 8.00001 7.33337C8.30943 7.33337 8.60618 7.45629 8.82497 7.67508C9.04376 7.89388 9.16668 8.19062 9.16668 8.50004C9.16668 8.80946 9.04376 9.10621 8.82497 9.325C8.60618 9.54379 8.30943 9.66671 8.00001 9.66671ZM6.83334 12.5C6.83334 12.8095 6.95626 13.1062 7.17505 13.325C7.39384 13.5438 7.69059 13.6667 8.00001 13.6667C8.30943 13.6667 8.60618 13.5438 8.82497 13.325C9.04376 13.1062 9.16668 12.8095 9.16668 12.5C9.16668 12.1906 9.04376 11.8939 8.82497 11.6751C8.60618 11.4563 8.30943 11.3334 8.00001 11.3334C7.69059 11.3334 7.39384 11.4563 7.17505 11.6751C6.95626 11.8939 6.83334 12.1906 6.83334 12.5Z" fill="#232221"></path></svg></span></button></div></li></ul></div><ul class="category_wrap"><li class="category_info storage_type"><span class="dp_i_flex svg_box "><svg width="12" height="12" viewBox="0 0 12 12" fill="none" xmlns="http://www.w3.org/2000/svg"><path d="M5.875 1C5.97446 1 6.06984 1.03951 6.14016 1.10983C6.21049 1.18016 6.25 1.27554 6.25 1.375V2.9525L7.3165 1.8855C7.35133 1.85067 7.39269 1.82304 7.4382 1.80418C7.48371 1.78533 7.53249 1.77563 7.58175 1.77563C7.63101 1.77563 7.67979 1.78533 7.7253 1.80418C7.77081 1.82304 7.81217 1.85067 7.847 1.8855C7.88183 1.92033 7.90946 1.96169 7.92832 2.0072C7.94717 2.05271 7.95687 2.10149 7.95687 2.15075C7.95687 2.20001 7.94717 2.24879 7.92832 2.2943C7.90946 2.33981 7.88183 2.38117 7.847 2.416L6.25 4.013V5.5H7.737L9.334 3.903C9.40509 3.83676 9.49911 3.8007 9.59626 3.80241C9.69341 3.80413 9.7861 3.84348 9.85481 3.91219C9.92352 3.9809 9.96287 4.07359 9.96459 4.17074C9.9663 4.26789 9.93024 4.36191 9.864 4.433L8.798 5.5H10.3755C10.475 5.5 10.5703 5.53951 10.6407 5.60984C10.711 5.68016 10.7505 5.77554 10.7505 5.875C10.7505 5.97446 10.711 6.06984 10.6407 6.14016C10.5703 6.21049 10.475 6.25 10.3755 6.25H8.798L9.865 7.3165C9.89983 7.35133 9.92746 7.39269 9.94632 7.4382C9.96517 7.48371 9.97487 7.53249 9.97487 7.58175C9.97487 7.63101 9.96517 7.67979 9.94632 7.7253C9.92746 7.77081 9.89983 7.81217 9.865 7.847C9.83017 7.88183 9.78881 7.90946 9.7433 7.92832C9.69779 7.94717 9.64901 7.95687 9.59975 7.95687C9.55049 7.95687 9.50171 7.94717 9.4562 7.92832C9.41069 7.90946 9.36933 7.88183 9.3345 7.847L7.737 6.25H6.25V7.737L7.847 9.334C7.91324 9.40509 7.9493 9.49911 7.94759 9.59626C7.94587 9.69341 7.90652 9.7861 7.83781 9.85481C7.7691 9.92352 7.67641 9.96287 7.57926 9.96459C7.48211 9.9663 7.38809 9.93024 7.317 9.864L6.25 8.798V10.3755C6.25 10.475 6.21049 10.5703 6.14016 10.6407C6.06984 10.711 5.97446 10.7505 5.875 10.7505C5.77554 10.7505 5.68016 10.711 5.60984 10.6407C5.53951 10.5703 5.5 10.475 5.5 10.3755V8.798L4.4335 9.865C4.39867 9.89983 4.35731 9.92746 4.3118 9.94632C4.26629 9.96517 4.21751 9.97487 4.16825 9.97487C4.11899 9.97487 4.07021 9.96517 4.0247 9.94632C3.97919 9.92746 3.93783 9.89983 3.903 9.865C3.86817 9.83017 3.84054 9.78881 3.82168 9.7433C3.80283 9.69779 3.79313 9.64901 3.79313 9.59975C3.79313 9.55049 3.80283 9.50171 3.82168 9.4562C3.84054 9.41069 3.86817 9.36933 3.903 9.3345L5.5 7.737V6.25H4.013L2.416 7.847C2.34491 7.91324 2.25089 7.9493 2.15374 7.94759C2.05659 7.94587 1.9639 7.90652 1.89519 7.83781C1.82648 7.7691 1.78713 7.67641 1.78541 7.57926C1.7837 7.48211 1.81976 7.38809 1.886 7.317L2.952 6.25H1.375C1.27554 6.25 1.18016 6.21049 1.10983 6.14016C1.03951 6.06984 1 5.97446 1 5.875C1 5.77554 1.03951 5.68016 1.10983 5.60984C1.18016 5.53951 1.27554 5.5 1.375 5.5H2.9525L1.885 4.4335C1.81465 4.36315 1.77513 4.26774 1.77513 4.16825C1.77513 4.06876 1.81465 3.97335 1.885 3.903C1.95535 3.83265 2.05076 3.79313 2.15025 3.79313C2.24974 3.79313 2.34515 3.83265 2.4155 3.903L4.013 5.5H5.5V4.013L3.903 2.416C3.86616 2.38167 3.83661 2.34027 3.81611 2.29427C3.79561 2.24827 3.78459 2.19861 3.7837 2.14826C3.78282 2.09791 3.79208 2.0479 3.81094 2.0012C3.8298 1.95451 3.85787 1.91209 3.89348 1.87648C3.92909 1.84087 3.97151 1.8128 4.0182 1.79394C4.0649 1.77508 4.11491 1.76582 4.16526 1.7667C4.21561 1.76759 4.26527 1.77861 4.31127 1.79911C4.35727 1.81961 4.39867 1.84916 4.433 1.886L5.5 2.952V1.375C5.5 1.27554 5.53951 1.18016 5.60984 1.10983C5.68016 1.03951 5.77554 1 5.875 1Z" fill="#318CF7"></path></svg></span><span class="txt_box" style="color:#318CF7">냉동</span></li><li class="category_info flex_all_center gap_2"><span class="txt_box">수입소</span><span class="dp_i_flex svg_box "><svg xmlns="http://www.w3.org/2000/svg" width="8" height="8" viewBox="0 0 12 12" fill="none"><path d="M4.14678 2.14652C4.05305 2.24028 4.00039 2.36743 4.00039 2.50002C4.00039 2.6326 4.05305 2.75975 4.14678 2.85352L7.29328 6.00002L4.14678 9.14651C4.09903 9.19264 4.06094 9.24781 4.03473 9.30881C4.00853 9.36981 3.99474 9.43543 3.99416 9.50181C3.99358 9.5682 4.00623 9.63404 4.03137 9.69549C4.05651 9.75694 4.09364 9.81277 4.14059 9.85971C4.18753 9.90666 4.24336 9.94379 4.30481 9.96893C4.36626 9.99407 4.4321 10.0067 4.49849 10.0061C4.56487 10.0056 4.63048 9.99177 4.69149 9.96557C4.75249 9.93936 4.80766 9.90127 4.85378 9.85352L8.35379 6.35352C8.44752 6.25975 8.50018 6.1326 8.50018 6.00002C8.50018 5.86743 8.44752 5.74028 8.35379 5.64652L4.85378 2.14652C4.76002 2.05278 4.63287 2.00012 4.50028 2.00012C4.3677 2.00012 4.24055 2.05278 4.14678 2.14652Z" fill="#BABEC4"></path></svg></span><span class="txt_box">세절&amp;분쇄</span></li></ul><p class="product_name">[업소용/돌돌이] 차돌양지2mm - 호주 | AMH - GF</p><span class="sample_grey_text">구이용/샤브샤브용 10kg(2.5kg*4ea)</span><div class="price_wrap"><span class="price_info"><em>138,900원</em></span><span class="price_unit">kg당 13,890원 | 총 10kg</span></div><div class="txt_label_wrap"><span class="txt_area_label label--freshPack"><span class="label__text">신선배송</span></span></div><ul class="rating_wrap"><li class="rating_star"><span class="dp_i_flex svg_box "><svg width="12" height="12" viewBox="0 0 16 17" fill="none" xmlns="http://www.w3.org/2000/svg"><path d="M3.91761 15.2225C4.16353 15.4174 4.47604 15.3483 4.84825 15.0654L8.02416 12.6269L11.2062 15.0654C11.5784 15.3483 11.8845 15.4174 12.1369 15.2225C12.3828 15.0276 12.4371 14.7071 12.287 14.2483L11.032 10.3393L14.2382 7.92602C14.6104 7.64956 14.7605 7.36023 14.6644 7.04624C14.5684 6.74457 14.2861 6.59361 13.8239 6.60004L9.89133 6.62498L8.69659 2.6972C8.55262 2.23224 8.33668 1.99976 8.02416 1.99976C7.71804 1.99976 7.50184 2.23224 7.35762 2.6972L6.16288 6.62498L2.23052 6.60004C1.76815 6.59361 1.48611 6.74457 1.39005 7.04624C1.28784 7.3605 1.44384 7.64956 1.81631 7.92602L5.02218 10.3393L3.7675 14.2483C3.61739 14.7071 3.67144 15.0276 3.91761 15.2225Z" fill="#FFC42F"></path></svg></span><span class="txt_box">5.0</span></li><li><span class="txt_box">재고 <!-- -->12</span></li></ul></div></div></div></div><div class="swiper-slide"><div class="bgInherit" style="cursor:pointer"><div role="button" class="product_card type1 stack_vertical false"><div class="img_wrap"><div class="bg_wrap"><p class="absolute_full"><img alt="상품_섬네일_이미지" loading="lazy" width="500" height="500" decoding="async" data-nimg="1" class="full_image" style="color:transparent" src="https://img-cdn.meatbox.co.kr/m/images/itemImage/2025/04/14/10/06/mo_thumb_productThumbnail_139751_20250414100644.jpg"/></p><div class="label_area" style="cursor:pointer"><div class="none_style_btn cart_button"><button class="clear_button " type="button"><div class="p_relative util_item"><span class="dp_i_flex svg_box "><svg width="32" height="32" viewBox="0 0 32 32" fill="none" xmlns="http://www.w3.org/2000/svg"><path d="M0 16C0 7.16344 7.16344 0 16 0C24.8366 0 32 7.16344 32 16C32 24.8366 24.8366 32 16 32C7.16344 32 0 24.8366 0 16Z" fill="#232221" fill-opacity="0.5"></path><path fill-rule="evenodd" clip-rule="evenodd" d="M8.32286 7.90084C8.65386 7.80292 9.00157 7.99187 9.09949 8.32286L9.55871 9.87516H21.7702C23.3041 9.87516 24.4742 11.305 24.0321 12.8005L22.6537 17.4672C22.359 18.4613 21.4274 19.1252 20.3918 19.1252H12.7602C11.7241 19.1252 10.7914 18.4613 10.4975 17.4674L7.90084 8.67746C7.80292 8.34647 7.99187 7.99876 8.32286 7.90084ZM9.92806 11.1252L11.6962 17.1129C11.8256 17.5507 12.2513 17.8752 12.7602 17.8752H20.3918C20.8994 17.8752 21.3246 17.5519 21.455 17.1129L22.8333 12.4465C23.0209 11.8121 22.5328 11.1252 21.7702 11.1252H9.92806ZM11.7577 20.9243C12.1093 20.5727 12.5862 20.3752 13.0835 20.3752C13.5808 20.3752 14.0577 20.5727 14.4093 20.9243C14.761 21.276 14.9585 21.7529 14.9585 22.2502C14.9585 22.7474 14.761 23.2244 14.4093 23.576C14.0577 23.9276 13.5808 24.1252 13.0835 24.1252C12.5862 24.1252 12.1093 23.9276 11.7577 23.576C11.406 23.2244 11.2085 22.7474 11.2085 22.2502C11.2085 21.7529 11.406 21.276 11.7577 20.9243ZM13.0835 21.6252C12.9177 21.6252 12.7588 21.691 12.6416 21.8082C12.5243 21.9254 12.4585 22.0844 12.4585 22.2502C12.4585 22.4159 12.5243 22.5749 12.6416 22.6921C12.7588 22.8093 12.9177 22.8752 13.0835 22.8752C13.2493 22.8752 13.4082 22.8093 13.5254 22.6921C13.6426 22.5749 13.7085 22.4159 13.7085 22.2502C13.7085 22.0844 13.6426 21.9254 13.5254 21.8082C13.4082 21.691 13.2493 21.6252 13.0835 21.6252ZM18.4243 20.9243C18.776 20.5727 19.2529 20.3752 19.7502 20.3752C20.2474 20.3752 20.7244 20.5727 21.076 20.9243C21.4276 21.276 21.6252 21.7529 21.6252 22.2502C21.6252 22.7474 21.4276 23.2244 21.076 23.576C20.7244 23.9276 20.2474 24.1252 19.7502 24.1252C19.2529 24.1252 18.776 23.9276 18.4243 23.576C18.0727 23.2244 17.8752 22.7474 17.8752 22.2502C17.8752 21.7529 18.0727 21.276 18.4243 20.9243ZM19.7502 21.6252C19.5844 21.6252 19.4254 21.691 19.3082 21.8082C19.191 21.9254 19.1252 22.0844 19.1252 22.2502C19.1252 22.4159 19.191 22.5749 19.3082 22.6921C19.4254 22.8093 19.5844 22.8752 19.7502 22.8752C19.9159 22.8752 20.0749 22.8093 20.1921 22.6921C20.3093 22.5749 20.3752 22.4159 20.3752 22.2502C20.3752 22.0844 20.3093 21.9254 20.1921 21.8082C20.0749 21.691 19.9159 21.6252 19.7502 21.6252Z" fill="white"></path></svg></span></div><span class="txt_box sr-only">장바구니버튼</span></button></div></div></div></div><div class="txt_wrap mt_8" style="overflow:hidden"><div class="flex_side"><button class="none_style_btn btn_brand_name"><span class="txt_box">엑셀</span></button><ul class="icon_list"><li class="tooltip_area p_relative swiper-no-swiping"><div id="__MoreInfoButton__"><button class="none_style_btn"><span class="dp_i_flex svg_box "><svg width="16" height="16" viewBox="0 0 16 17" fill="none" xmlns="http://www.w3.org/2000/svg"><path d="M8.00001 5.66671C7.8468 5.66671 7.69509 5.63653 7.55355 5.5779C7.412 5.51927 7.28339 5.43333 7.17505 5.325C7.06672 5.21666 6.98078 5.08805 6.92215 4.9465C6.86352 4.80496 6.83334 4.65325 6.83334 4.50004C6.83334 4.34683 6.86352 4.19512 6.92215 4.05358C6.98078 3.91203 7.06672 3.78342 7.17505 3.67508C7.28339 3.56675 7.412 3.48081 7.55355 3.42218C7.69509 3.36355 7.8468 3.33337 8.00001 3.33337C8.30943 3.33337 8.60618 3.45629 8.82497 3.67508C9.04376 3.89388 9.16668 4.19062 9.16668 4.50004C9.16668 4.80946 9.04376 5.10621 8.82497 5.325C8.60618 5.54379 8.30943 5.66671 8.00001 5.66671ZM8.00001 9.66671C7.69059 9.66671 7.39384 9.54379 7.17505 9.325C6.95626 9.10621 6.83334 8.80946 6.83334 8.50004C6.83334 8.19062 6.95626 7.89388 7.17505 7.67508C7.39384 7.45629 7.69059 7.33337 8.00001 7.33337C8.30943 7.33337 8.60618 7.45629 8.82497 7.67508C9.04376 7.89388 9.16668 8.19062 9.16668 8.50004C9.16668 8.80946 9.04376 9.10621 8.82497 9.325C8.60618 9.54379 8.30943 9.66671 8.00001 9.66671ZM6.83334 12.5C6.83334 12.8095 6.95626 13.1062 7.17505 13.325C7.39384 13.5438 7.69059 13.6667 8.00001 13.6667C8.30943 13.6667 8.60618 13.5438 8.82497 13.325C9.04376 13.1062 9.16668 12.8095 9.16668 12.5C9.16668 12.1906 9.04376 11.8939 8.82497 11.6751C8.60618 11.4563 8.30943 11.3334 8.00001 11.3334C7.69059 11.3334 7.39384 11.4563 7.17505 11.6751C6.95626 11.8939 6.83334 12.1906 6.83334 12.5Z" fill="#232221"></path></svg></span></button></div></li></ul></div><ul class="category_wrap"><li class="category_info storage_type"><span class="dp_i_flex svg_box "><svg width="12" height="12" viewBox="0 0 12 12" fill="none" xmlns="http://www.w3.org/2000/svg"><path d="M5.875 1C5.97446 1 6.06984 1.03951 6.14016 1.10983C6.21049 1.18016 6.25 1.27554 6.25 1.375V2.9525L7.3165 1.8855C7.35133 1.85067 7.39269 1.82304 7.4382 1.80418C7.48371 1.78533 7.53249 1.77563 7.58175 1.77563C7.63101 1.77563 7.67979 1.78533 7.7253 1.80418C7.77081 1.82304 7.81217 1.85067 7.847 1.8855C7.88183 1.92033 7.90946 1.96169 7.92832 2.0072C7.94717 2.05271 7.95687 2.10149 7.95687 2.15075C7.95687 2.20001 7.94717 2.24879 7.92832 2.2943C7.90946 2.33981 7.88183 2.38117 7.847 2.416L6.25 4.013V5.5H7.737L9.334 3.903C9.40509 3.83676 9.49911 3.8007 9.59626 3.80241C9.69341 3.80413 9.7861 3.84348 9.85481 3.91219C9.92352 3.9809 9.96287 4.07359 9.96459 4.17074C9.9663 4.26789 9.93024 4.36191 9.864 4.433L8.798 5.5H10.3755C10.475 5.5 10.5703 5.53951 10.6407 5.60984C10.711 5.68016 10.7505 5.77554 10.7505 5.875C10.7505 5.97446 10.711 6.06984 10.6407 6.14016C10.5703 6.21049 10.475 6.25 10.3755 6.25H8.798L9.865 7.3165C9.89983 7.35133 9.92746 7.39269 9.94632 7.4382C9.96517 7.48371 9.97487 7.53249 9.97487 7.58175C9.97487 7.63101 9.96517 7.67979 9.94632 7.7253C9.92746 7.77081 9.89983 7.81217 9.865 7.847C9.83017 7.88183 9.78881 7.90946 9.7433 7.92832C9.69779 7.94717 9.64901 7.95687 9.59975 7.95687C9.55049 7.95687 9.50171 7.94717 9.4562 7.92832C9.41069 7.90946 9.36933 7.88183 9.3345 7.847L7.737 6.25H6.25V7.737L7.847 9.334C7.91324 9.40509 7.9493 9.49911 7.94759 9.59626C7.94587 9.69341 7.90652 9.7861 7.83781 9.85481C7.7691 9.92352 7.67641 9.96287 7.57926 9.96459C7.48211 9.9663 7.38809 9.93024 7.317 9.864L6.25 8.798V10.3755C6.25 10.475 6.21049 10.5703 6.14016 10.6407C6.06984 10.711 5.97446 10.7505 5.875 10.7505C5.77554 10.7505 5.68016 10.711 5.60984 10.6407C5.53951 10.5703 5.5 10.475 5.5 10.3755V8.798L4.4335 9.865C4.39867 9.89983 4.35731 9.92746 4.3118 9.94632C4.26629 9.96517 4.21751 9.97487 4.16825 9.97487C4.11899 9.97487 4.07021 9.96517 4.0247 9.94632C3.97919 9.92746 3.93783 9.89983 3.903 9.865C3.86817 9.83017 3.84054 9.78881 3.82168 9.7433C3.80283 9.69779 3.79313 9.64901 3.79313 9.59975C3.79313 9.55049 3.80283 9.50171 3.82168 9.4562C3.84054 9.41069 3.86817 9.36933 3.903 9.3345L5.5 7.737V6.25H4.013L2.416 7.847C2.34491 7.91324 2.25089 7.9493 2.15374 7.94759C2.05659 7.94587 1.9639 7.90652 1.89519 7.83781C1.82648 7.7691 1.78713 7.67641 1.78541 7.57926C1.7837 7.48211 1.81976 7.38809 1.886 7.317L2.952 6.25H1.375C1.27554 6.25 1.18016 6.21049 1.10983 6.14016C1.03951 6.06984 1 5.97446 1 5.875C1 5.77554 1.03951 5.68016 1.10983 5.60984C1.18016 5.53951 1.27554 5.5 1.375 5.5H2.9525L1.885 4.4335C1.81465 4.36315 1.77513 4.26774 1.77513 4.16825C1.77513 4.06876 1.81465 3.97335 1.885 3.903C1.95535 3.83265 2.05076 3.79313 2.15025 3.79313C2.24974 3.79313 2.34515 3.83265 2.4155 3.903L4.013 5.5H5.5V4.013L3.903 2.416C3.86616 2.38167 3.83661 2.34027 3.81611 2.29427C3.79561 2.24827 3.78459 2.19861 3.7837 2.14826C3.78282 2.09791 3.79208 2.0479 3.81094 2.0012C3.8298 1.95451 3.85787 1.91209 3.89348 1.87648C3.92909 1.84087 3.97151 1.8128 4.0182 1.79394C4.0649 1.77508 4.11491 1.76582 4.16526 1.7667C4.21561 1.76759 4.26527 1.77861 4.31127 1.79911C4.35727 1.81961 4.39867 1.84916 4.433 1.886L5.5 2.952V1.375C5.5 1.27554 5.53951 1.18016 5.60984 1.10983C5.68016 1.03951 5.77554 1 5.875 1Z" fill="#318CF7"></path></svg></span><span class="txt_box" style="color:#318CF7">냉동</span></li><li class="category_info flex_all_center gap_2"><span class="txt_box">수입소</span><span class="dp_i_flex svg_box "><svg xmlns="http://www.w3.org/2000/svg" width="8" height="8" viewBox="0 0 12 12" fill="none"><path d="M4.14678 2.14652C4.05305 2.24028 4.00039 2.36743 4.00039 2.50002C4.00039 2.6326 4.05305 2.75975 4.14678 2.85352L7.29328 6.00002L4.14678 9.14651C4.09903 9.19264 4.06094 9.24781 4.03473 9.30881C4.00853 9.36981 3.99474 9.43543 3.99416 9.50181C3.99358 9.5682 4.00623 9.63404 4.03137 9.69549C4.05651 9.75694 4.09364 9.81277 4.14059 9.85971C4.18753 9.90666 4.24336 9.94379 4.30481 9.96893C4.36626 9.99407 4.4321 10.0067 4.49849 10.0061C4.56487 10.0056 4.63048 9.99177 4.69149 9.96557C4.75249 9.93936 4.80766 9.90127 4.85378 9.85352L8.35379 6.35352C8.44752 6.25975 8.50018 6.1326 8.50018 6.00002C8.50018 5.86743 8.44752 5.74028 8.35379 5.64652L4.85378 2.14652C4.76002 2.05278 4.63287 2.00012 4.50028 2.00012C4.3677 2.00012 4.24055 2.05278 4.14678 2.14652Z" fill="#BABEC4"></path></svg></span><span class="txt_box">세절&amp;분쇄</span></li></ul><p class="product_name">[다짐육] 삼겹양지 - 미국 | 엑셀 - 언그레이드</p><span class="sample_grey_text">다짐육 15kg(2.5kg*6ea)</span><div class="price_wrap"><span class="price_info"><em>132,000원</em></span><span class="price_unit">kg당 8,800원 | 총 15kg</span></div><div class="txt_label_wrap"><span class="txt_area_label label--freshPack"><span class="label__text">신선배송</span></span></div><ul class="rating_wrap"><li class="rating_star"><span class="dp_i_flex svg_box "><svg width="12" height="12" viewBox="0 0 16 17" fill="none" xmlns="http://www.w3.org/2000/svg"><path d="M3.91761 15.2225C4.16353 15.4174 4.47604 15.3483 4.84825 15.0654L8.02416 12.6269L11.2062 15.0654C11.5784 15.3483 11.8845 15.4174 12.1369 15.2225C12.3828 15.0276 12.4371 14.7071 12.287 14.2483L11.032 10.3393L14.2382 7.92602C14.6104 7.64956 14.7605 7.36023 14.6644 7.04624C14.5684 6.74457 14.2861 6.59361 13.8239 6.60004L9.89133 6.62498L8.69659 2.6972C8.55262 2.23224 8.33668 1.99976 8.02416 1.99976C7.71804 1.99976 7.50184 2.23224 7.35762 2.6972L6.16288 6.62498L2.23052 6.60004C1.76815 6.59361 1.48611 6.74457 1.39005 7.04624C1.28784 7.3605 1.44384 7.64956 1.81631 7.92602L5.02218 10.3393L3.7675 14.2483C3.61739 14.7071 3.67144 15.0276 3.91761 15.2225Z" fill="#FFC42F"></path></svg></span><span class="txt_box">5.0</span></li><li><span class="txt_box">재고 <!-- -->9</span></li></ul></div></div></div></div><div class="swiper-slide"><div class="bgInherit" style="cursor:pointer"><div role="button" class="product_card type1 stack_vertical false"><div class="img_wrap"><div class="bg_wrap"><p class="absolute_full"><img alt="상품_섬네일_이미지" loading="lazy" width="500" height="500" decoding="async" data-nimg="1" class="full_image" style="color:transparent" src="https://img-cdn.meatbox.co.kr/m/images/itemImage/2025/04/10/13/50/mo_thumb_productThumbnail_139751_20250410135020.jpg"/></p><div class="label_area" style="cursor:pointer"><div class="none_style_btn cart_button"><button class="clear_button " type="button"><div class="p_relative util_item"><span class="dp_i_flex svg_box "><svg width="32" height="32" viewBox="0 0 32 32" fill="none" xmlns="http://www.w3.org/2000/svg"><path d="M0 16C0 7.16344 7.16344 0 16 0C24.8366 0 32 7.16344 32 16C32 24.8366 24.8366 32 16 32C7.16344 32 0 24.8366 0 16Z" fill="#232221" fill-opacity="0.5"></path><path fill-rule="evenodd" clip-rule="evenodd" d="M8.32286 7.90084C8.65386 7.80292 9.00157 7.99187 9.09949 8.32286L9.55871 9.87516H21.7702C23.3041 9.87516 24.4742 11.305 24.0321 12.8005L22.6537 17.4672C22.359 18.4613 21.4274 19.1252 20.3918 19.1252H12.7602C11.7241 19.1252 10.7914 18.4613 10.4975 17.4674L7.90084 8.67746C7.80292 8.34647 7.99187 7.99876 8.32286 7.90084ZM9.92806 11.1252L11.6962 17.1129C11.8256 17.5507 12.2513 17.8752 12.7602 17.8752H20.3918C20.8994 17.8752 21.3246 17.5519 21.455 17.1129L22.8333 12.4465C23.0209 11.8121 22.5328 11.1252 21.7702 11.1252H9.92806ZM11.7577 20.9243C12.1093 20.5727 12.5862 20.3752 13.0835 20.3752C13.5808 20.3752 14.0577 20.5727 14.4093 20.9243C14.761 21.276 14.9585 21.7529 14.9585 22.2502C14.9585 22.7474 14.761 23.2244 14.4093 23.576C14.0577 23.9276 13.5808 24.1252 13.0835 24.1252C12.5862 24.1252 12.1093 23.9276 11.7577 23.576C11.406 23.2244 11.2085 22.7474 11.2085 22.2502C11.2085 21.7529 11.406 21.276 11.7577 20.9243ZM13.0835 21.6252C12.9177 21.6252 12.7588 21.691 12.6416 21.8082C12.5243 21.9254 12.4585 22.0844 12.4585 22.2502C12.4585 22.4159 12.5243 22.5749 12.6416 22.6921C12.7588 22.8093 12.9177 22.8752 13.0835 22.8752C13.2493 22.8752 13.4082 22.8093 13.5254 22.6921C13.6426 22.5749 13.7085 22.4159 13.7085 22.2502C13.7085 22.0844 13.6426 21.9254 13.5254 21.8082C13.4082 21.691 13.2493 21.6252 13.0835 21.6252ZM18.4243 20.9243C18.776 20.5727 19.2529 20.3752 19.7502 20.3752C20.2474 20.3752 20.7244 20.5727 21.076 20.9243C21.4276 21.276 21.6252 21.7529 21.6252 22.2502C21.6252 22.7474 21.4276 23.2244 21.076 23.576C20.7244 23.9276 20.2474 24.1252 19.7502 24.1252C19.2529 24.1252 18.776 23.9276 18.4243 23.576C18.0727 23.2244 17.8752 22.7474 17.8752 22.2502C17.8752 21.7529 18.0727 21.276 18.4243 20.9243ZM19.7502 21.6252C19.5844 21.6252 19.4254 21.691 19.3082 21.8082C19.191 21.9254 19.1252 22.0844 19.1252 22.2502C19.1252 22.4159 19.191 22.5749 19.3082 22.6921C19.4254 22.8093 19.5844 22.8752 19.7502 22.8752C19.9159 22.8752 20.0749 22.8093 20.1921 22.6921C20.3093 22.5749 20.3752 22.4159 20.3752 22.2502C20.3752 22.0844 20.3093 21.9254 20.1921 21.8082C20.0749 21.691 19.9159 21.6252 19.7502 21.6252Z" fill="white"></path></svg></span></div><span class="txt_box sr-only">장바구니버튼</span></button></div></div></div></div><div class="txt_wrap mt_8" style="overflow:hidden"><div class="flex_side"><button class="none_style_btn btn_brand_name"><span class="txt_box">엑셀</span></button><ul class="icon_list"><li class="tooltip_area p_relative swiper-no-swiping"><div id="__MoreInfoButton__"><button class="none_style_btn"><span class="dp_i_flex svg_box "><svg width="16" height="16" viewBox="0 0 16 17" fill="none" xmlns="http://www.w3.org/2000/svg"><path d="M8.00001 5.66671C7.8468 5.66671 7.69509 5.63653 7.55355 5.5779C7.412 5.51927 7.28339 5.43333 7.17505 5.325C7.06672 5.21666 6.98078 5.08805 6.92215 4.9465C6.86352 4.80496 6.83334 4.65325 6.83334 4.50004C6.83334 4.34683 6.86352 4.19512 6.92215 4.05358C6.98078 3.91203 7.06672 3.78342 7.17505 3.67508C7.28339 3.56675 7.412 3.48081 7.55355 3.42218C7.69509 3.36355 7.8468 3.33337 8.00001 3.33337C8.30943 3.33337 8.60618 3.45629 8.82497 3.67508C9.04376 3.89388 9.16668 4.19062 9.16668 4.50004C9.16668 4.80946 9.04376 5.10621 8.82497 5.325C8.60618 5.54379 8.30943 5.66671 8.00001 5.66671ZM8.00001 9.66671C7.69059 9.66671 7.39384 9.54379 7.17505 9.325C6.95626 9.10621 6.83334 8.80946 6.83334 8.50004C6.83334 8.19062 6.95626 7.89388 7.17505 7.67508C7.39384 7.45629 7.69059 7.33337 8.00001 7.33337C8.30943 7.33337 8.60618 7.45629 8.82497 7.67508C9.04376 7.89388 9.16668 8.19062 9.16668 8.50004C9.16668 8.80946 9.04376 9.10621 8.82497 9.325C8.60618 9.54379 8.30943 9.66671 8.00001 9.66671ZM6.83334 12.5C6.83334 12.8095 6.95626 13.1062 7.17505 13.325C7.39384 13.5438 7.69059 13.6667 8.00001 13.6667C8.30943 13.6667 8.60618 13.5438 8.82497 13.325C9.04376 13.1062 9.16668 12.8095 9.16668 12.5C9.16668 12.1906 9.04376 11.8939 8.82497 11.6751C8.60618 11.4563 8.30943 11.3334 8.00001 11.3334C7.69059 11.3334 7.39384 11.4563 7.17505 11.6751C6.95626 11.8939 6.83334 12.1906 6.83334 12.5Z" fill="#232221"></path></svg></span></button></div></li></ul></div><ul class="category_wrap"><li class="category_info storage_type"><span class="dp_i_flex svg_box "><svg width="12" height="12" viewBox="0 0 12 12" fill="none" xmlns="http://www.w3.org/2000/svg"><path d="M5.875 1C5.97446 1 6.06984 1.03951 6.14016 1.10983C6.21049 1.18016 6.25 1.27554 6.25 1.375V2.9525L7.3165 1.8855C7.35133 1.85067 7.39269 1.82304 7.4382 1.80418C7.48371 1.78533 7.53249 1.77563 7.58175 1.77563C7.63101 1.77563 7.67979 1.78533 7.7253 1.80418C7.77081 1.82304 7.81217 1.85067 7.847 1.8855C7.88183 1.92033 7.90946 1.96169 7.92832 2.0072C7.94717 2.05271 7.95687 2.10149 7.95687 2.15075C7.95687 2.20001 7.94717 2.24879 7.92832 2.2943C7.90946 2.33981 7.88183 2.38117 7.847 2.416L6.25 4.013V5.5H7.737L9.334 3.903C9.40509 3.83676 9.49911 3.8007 9.59626 3.80241C9.69341 3.80413 9.7861 3.84348 9.85481 3.91219C9.92352 3.9809 9.96287 4.07359 9.96459 4.17074C9.9663 4.26789 9.93024 4.36191 9.864 4.433L8.798 5.5H10.3755C10.475 5.5 10.5703 5.53951 10.6407 5.60984C10.711 5.68016 10.7505 5.77554 10.7505 5.875C10.7505 5.97446 10.711 6.06984 10.6407 6.14016C10.5703 6.21049 10.475 6.25 10.3755 6.25H8.798L9.865 7.3165C9.89983 7.35133 9.92746 7.39269 9.94632 7.4382C9.96517 7.48371 9.97487 7.53249 9.97487 7.58175C9.97487 7.63101 9.96517 7.67979 9.94632 7.7253C9.92746 7.77081 9.89983 7.81217 9.865 7.847C9.83017 7.88183 9.78881 7.90946 9.7433 7.92832C9.69779 7.94717 9.64901 7.95687 9.59975 7.95687C9.55049 7.95687 9.50171 7.94717 9.4562 7.92832C9.41069 7.90946 9.36933 7.88183 9.3345 7.847L7.737 6.25H6.25V7.737L7.847 9.334C7.91324 9.40509 7.9493 9.49911 7.94759 9.59626C7.94587 9.69341 7.90652 9.7861 7.83781 9.85481C7.7691 9.92352 7.67641 9.96287 7.57926 9.96459C7.48211 9.9663 7.38809 9.93024 7.317 9.864L6.25 8.798V10.3755C6.25 10.475 6.21049 10.5703 6.14016 10.6407C6.06984 10.711 5.97446 10.7505 5.875 10.7505C5.77554 10.7505 5.68016 10.711 5.60984 10.6407C5.53951 10.5703 5.5 10.475 5.5 10.3755V8.798L4.4335 9.865C4.39867 9.89983 4.35731 9.92746 4.3118 9.94632C4.26629 9.96517 4.21751 9.97487 4.16825 9.97487C4.11899 9.97487 4.07021 9.96517 4.0247 9.94632C3.97919 9.92746 3.93783 9.89983 3.903 9.865C3.86817 9.83017 3.84054 9.78881 3.82168 9.7433C3.80283 9.69779 3.79313 9.64901 3.79313 9.59975C3.79313 9.55049 3.80283 9.50171 3.82168 9.4562C3.84054 9.41069 3.86817 9.36933 3.903 9.3345L5.5 7.737V6.25H4.013L2.416 7.847C2.34491 7.91324 2.25089 7.9493 2.15374 7.94759C2.05659 7.94587 1.9639 7.90652 1.89519 7.83781C1.82648 7.7691 1.78713 7.67641 1.78541 7.57926C1.7837 7.48211 1.81976 7.38809 1.886 7.317L2.952 6.25H1.375C1.27554 6.25 1.18016 6.21049 1.10983 6.14016C1.03951 6.06984 1 5.97446 1 5.875C1 5.77554 1.03951 5.68016 1.10983 5.60984C1.18016 5.53951 1.27554 5.5 1.375 5.5H2.9525L1.885 4.4335C1.81465 4.36315 1.77513 4.26774 1.77513 4.16825C1.77513 4.06876 1.81465 3.97335 1.885 3.903C1.95535 3.83265 2.05076 3.79313 2.15025 3.79313C2.24974 3.79313 2.34515 3.83265 2.4155 3.903L4.013 5.5H5.5V4.013L3.903 2.416C3.86616 2.38167 3.83661 2.34027 3.81611 2.29427C3.79561 2.24827 3.78459 2.19861 3.7837 2.14826C3.78282 2.09791 3.79208 2.0479 3.81094 2.0012C3.8298 1.95451 3.85787 1.91209 3.89348 1.87648C3.92909 1.84087 3.97151 1.8128 4.0182 1.79394C4.0649 1.77508 4.11491 1.76582 4.16526 1.7667C4.21561 1.76759 4.26527 1.77861 4.31127 1.79911C4.35727 1.81961 4.39867 1.84916 4.433 1.886L5.5 2.952V1.375C5.5 1.27554 5.53951 1.18016 5.60984 1.10983C5.68016 1.03951 5.77554 1 5.875 1Z" fill="#318CF7"></path></svg></span><span class="txt_box" style="color:#318CF7">냉동</span></li><li class="category_info flex_all_center gap_2"><span class="txt_box">수입소</span><span class="dp_i_flex svg_box "><svg xmlns="http://www.w3.org/2000/svg" width="8" height="8" viewBox="0 0 12 12" fill="none"><path d="M4.14678 2.14652C4.05305 2.24028 4.00039 2.36743 4.00039 2.50002C4.00039 2.6326 4.05305 2.75975 4.14678 2.85352L7.29328 6.00002L4.14678 9.14651C4.09903 9.19264 4.06094 9.24781 4.03473 9.30881C4.00853 9.36981 3.99474 9.43543 3.99416 9.50181C3.99358 9.5682 4.00623 9.63404 4.03137 9.69549C4.05651 9.75694 4.09364 9.81277 4.14059 9.85971C4.18753 9.90666 4.24336 9.94379 4.30481 9.96893C4.36626 9.99407 4.4321 10.0067 4.49849 10.0061C4.56487 10.0056 4.63048 9.99177 4.69149 9.96557C4.75249 9.93936 4.80766 9.90127 4.85378 9.85352L8.35379 6.35352C8.44752 6.25975 8.50018 6.1326 8.50018 6.00002C8.50018 5.86743 8.44752 5.74028 8.35379 5.64652L4.85378 2.14652C4.76002 2.05278 4.63287 2.00012 4.50028 2.00012C4.3677 2.00012 4.24055 2.05278 4.14678 2.14652Z" fill="#BABEC4"></path></svg></span><span class="txt_box">세절&amp;분쇄</span></li></ul><p class="product_name">[업소용/슬라이스] 삼겹양지1.7mm - 미국 | 엑셀 - 언그레이드</p><span class="sample_grey_text">구이용/샤브샤브용 20kg(2.5kg*8ea)</span><div class="price_wrap"><span class="price_info"><em>205,000원</em></span><span class="price_unit">kg당 10,250원 | 총 20kg</span></div><div class="txt_label_wrap"><span class="txt_area_label label--freshPack"><span class="label__text">신선배송</span></span></div><ul class="rating_wrap"><li><span class="txt_box">재고 <!-- -->35</span></li></ul></div></div></div></div><div class="swiper-slide"><div class="bgInherit" style="cursor:pointer"><div role="button" class="product_card type1 stack_vertical false"><div class="img_wrap"><div class="bg_wrap"><p class="absolute_full"><img alt="상품_섬네일_이미지" loading="lazy" width="500" height="500" decoding="async" data-nimg="1" class="full_image" style="color:transparent" src="https://img-cdn.meatbox.co.kr/m/images/itemImage/2025/07/03/16/34/mo_thumb_productThumbnail_139751_20250703163440.jpg"/></p><div class="label_area" style="cursor:pointer"><div class="none_style_btn cart_button"><button class="clear_button " type="button"><div class="p_relative util_item"><span class="dp_i_flex svg_box "><svg width="32" height="32" viewBox="0 0 32 32" fill="none" xmlns="http://www.w3.org/2000/svg"><path d="M0 16C0 7.16344 7.16344 0 16 0C24.8366 0 32 7.16344 32 16C32 24.8366 24.8366 32 16 32C7.16344 32 0 24.8366 0 16Z" fill="#232221" fill-opacity="0.5"></path><path fill-rule="evenodd" clip-rule="evenodd" d="M8.32286 7.90084C8.65386 7.80292 9.00157 7.99187 9.09949 8.32286L9.55871 9.87516H21.7702C23.3041 9.87516 24.4742 11.305 24.0321 12.8005L22.6537 17.4672C22.359 18.4613 21.4274 19.1252 20.3918 19.1252H12.7602C11.7241 19.1252 10.7914 18.4613 10.4975 17.4674L7.90084 8.67746C7.80292 8.34647 7.99187 7.99876 8.32286 7.90084ZM9.92806 11.1252L11.6962 17.1129C11.8256 17.5507 12.2513 17.8752 12.7602 17.8752H20.3918C20.8994 17.8752 21.3246 17.5519 21.455 17.1129L22.8333 12.4465C23.0209 11.8121 22.5328 11.1252 21.7702 11.1252H9.92806ZM11.7577 20.9243C12.1093 20.5727 12.5862 20.3752 13.0835 20.3752C13.5808 20.3752 14.0577 20.5727 14.4093 20.9243C14.761 21.276 14.9585 21.7529 14.9585 22.2502C14.9585 22.7474 14.761 23.2244 14.4093 23.576C14.0577 23.9276 13.5808 24.1252 13.0835 24.1252C12.5862 24.1252 12.1093 23.9276 11.7577 23.576C11.406 23.2244 11.2085 22.7474 11.2085 22.2502C11.2085 21.7529 11.406 21.276 11.7577 20.9243ZM13.0835 21.6252C12.9177 21.6252 12.7588 21.691 12.6416 21.8082C12.5243 21.9254 12.4585 22.0844 12.4585 22.2502C12.4585 22.4159 12.5243 22.5749 12.6416 22.6921C12.7588 22.8093 12.9177 22.8752 13.0835 22.8752C13.2493 22.8752 13.4082 22.8093 13.5254 22.6921C13.6426 22.5749 13.7085 22.4159 13.7085 22.2502C13.7085 22.0844 13.6426 21.9254 13.5254 21.8082C13.4082 21.691 13.2493 21.6252 13.0835 21.6252ZM18.4243 20.9243C18.776 20.5727 19.2529 20.3752 19.7502 20.3752C20.2474 20.3752 20.7244 20.5727 21.076 20.9243C21.4276 21.276 21.6252 21.7529 21.6252 22.2502C21.6252 22.7474 21.4276 23.2244 21.076 23.576C20.7244 23.9276 20.2474 24.1252 19.7502 24.1252C19.2529 24.1252 18.776 23.9276 18.4243 23.576C18.0727 23.2244 17.8752 22.7474 17.8752 22.2502C17.8752 21.7529 18.0727 21.276 18.4243 20.9243ZM19.7502 21.6252C19.5844 21.6252 19.4254 21.691 19.3082 21.8082C19.191 21.9254 19.1252 22.0844 19.1252 22.2502C19.1252 22.4159 19.191 22.5749 19.3082 22.6921C19.4254 22.8093 19.5844 22.8752 19.7502 22.8752C19.9159 22.8752 20.0749 22.8093 20.1921 22.6921C20.3093 22.5749 20.3752 22.4159 20.3752 22.2502C20.3752 22.0844 20.3093 21.9254 20.1921 21.8082C20.0749 21.691 19.9159 21.6252 19.7502 21.6252Z" fill="white"></path></svg></span></div><span class="txt_box sr-only">장바구니버튼</span></button></div></div></div></div><div class="txt_wrap mt_8" style="overflow:hidden"><div class="flex_side"><button class="none_style_btn btn_brand_name"><span class="txt_box">AMH</span></button><ul class="icon_list"><li class="tooltip_area p_relative swiper-no-swiping"><div id="__MoreInfoButton__"><button class="none_style_btn"><span class="dp_i_flex svg_box "><svg width="16" height="16" viewBox="0 0 16 17" fill="none" xmlns="http://www.w3.org/2000/svg"><path d="M8.00001 5.66671C7.8468 5.66671 7.69509 5.63653 7.55355 5.5779C7.412 5.51927 7.28339 5.43333 7.17505 5.325C7.06672 5.21666 6.98078 5.08805 6.92215 4.9465C6.86352 4.80496 6.83334 4.65325 6.83334 4.50004C6.83334 4.34683 6.86352 4.19512 6.92215 4.05358C6.98078 3.91203 7.06672 3.78342 7.17505 3.67508C7.28339 3.56675 7.412 3.48081 7.55355 3.42218C7.69509 3.36355 7.8468 3.33337 8.00001 3.33337C8.30943 3.33337 8.60618 3.45629 8.82497 3.67508C9.04376 3.89388 9.16668 4.19062 9.16668 4.50004C9.16668 4.80946 9.04376 5.10621 8.82497 5.325C8.60618 5.54379 8.30943 5.66671 8.00001 5.66671ZM8.00001 9.66671C7.69059 9.66671 7.39384 9.54379 7.17505 9.325C6.95626 9.10621 6.83334 8.80946 6.83334 8.50004C6.83334 8.19062 6.95626 7.89388 7.17505 7.67508C7.39384 7.45629 7.69059 7.33337 8.00001 7.33337C8.30943 7.33337 8.60618 7.45629 8.82497 7.67508C9.04376 7.89388 9.16668 8.19062 9.16668 8.50004C9.16668 8.80946 9.04376 9.10621 8.82497 9.325C8.60618 9.54379 8.30943 9.66671 8.00001 9.66671ZM6.83334 12.5C6.83334 12.8095 6.95626 13.1062 7.17505 13.325C7.39384 13.5438 7.69059 13.6667 8.00001 13.6667C8.30943 13.6667 8.60618 13.5438 8.82497 13.325C9.04376 13.1062 9.16668 12.8095 9.16668 12.5C9.16668 12.1906 9.04376 11.8939 8.82497 11.6751C8.60618 11.4563 8.30943 11.3334 8.00001 11.3334C7.69059 11.3334 7.39384 11.4563 7.17505 11.6751C6.95626 11.8939 6.83334 12.1906 6.83334 12.5Z" fill="#232221"></path></svg></span></button></div></li></ul></div><ul class="category_wrap"><li class="category_info storage_type"><span class="dp_i_flex svg_box "><svg width="12" height="12" viewBox="0 0 12 12" fill="none" xmlns="http://www.w3.org/2000/svg"><path d="M5.875 1C5.97446 1 6.06984 1.03951 6.14016 1.10983C6.21049 1.18016 6.25 1.27554 6.25 1.375V2.9525L7.3165 1.8855C7.35133 1.85067 7.39269 1.82304 7.4382 1.80418C7.48371 1.78533 7.53249 1.77563 7.58175 1.77563C7.63101 1.77563 7.67979 1.78533 7.7253 1.80418C7.77081 1.82304 7.81217 1.85067 7.847 1.8855C7.88183 1.92033 7.90946 1.96169 7.92832 2.0072C7.94717 2.05271 7.95687 2.10149 7.95687 2.15075C7.95687 2.20001 7.94717 2.24879 7.92832 2.2943C7.90946 2.33981 7.88183 2.38117 7.847 2.416L6.25 4.013V5.5H7.737L9.334 3.903C9.40509 3.83676 9.49911 3.8007 9.59626 3.80241C9.69341 3.80413 9.7861 3.84348 9.85481 3.91219C9.92352 3.9809 9.96287 4.07359 9.96459 4.17074C9.9663 4.26789 9.93024 4.36191 9.864 4.433L8.798 5.5H10.3755C10.475 5.5 10.5703 5.53951 10.6407 5.60984C10.711 5.68016 10.7505 5.77554 10.7505 5.875C10.7505 5.97446 10.711 6.06984 10.6407 6.14016C10.5703 6.21049 10.475 6.25 10.3755 6.25H8.798L9.865 7.3165C9.89983 7.35133 9.92746 7.39269 9.94632 7.4382C9.96517 7.48371 9.97487 7.53249 9.97487 7.58175C9.97487 7.63101 9.96517 7.67979 9.94632 7.7253C9.92746 7.77081 9.89983 7.81217 9.865 7.847C9.83017 7.88183 9.78881 7.90946 9.7433 7.92832C9.69779 7.94717 9.64901 7.95687 9.59975 7.95687C9.55049 7.95687 9.50171 7.94717 9.4562 7.92832C9.41069 7.90946 9.36933 7.88183 9.3345 7.847L7.737 6.25H6.25V7.737L7.847 9.334C7.91324 9.40509 7.9493 9.49911 7.94759 9.59626C7.94587 9.69341 7.90652 9.7861 7.83781 9.85481C7.7691 9.92352 7.67641 9.96287 7.57926 9.96459C7.48211 9.9663 7.38809 9.93024 7.317 9.864L6.25 8.798V10.3755C6.25 10.475 6.21049 10.5703 6.14016 10.6407C6.06984 10.711 5.97446 10.7505 5.875 10.7505C5.77554 10.7505 5.68016 10.711 5.60984 10.6407C5.53951 10.5703 5.5 10.475 5.5 10.3755V8.798L4.4335 9.865C4.39867 9.89983 4.35731 9.92746 4.3118 9.94632C4.26629 9.96517 4.21751 9.97487 4.16825 9.97487C4.11899 9.97487 4.07021 9.96517 4.0247 9.94632C3.97919 9.92746 3.93783 9.89983 3.903 9.865C3.86817 9.83017 3.84054 9.78881 3.82168 9.7433C3.80283 9.69779 3.79313 9.64901 3.79313 9.59975C3.79313 9.55049 3.80283 9.50171 3.82168 9.4562C3.84054 9.41069 3.86817 9.36933 3.903 9.3345L5.5 7.737V6.25H4.013L2.416 7.847C2.34491 7.91324 2.25089 7.9493 2.15374 7.94759C2.05659 7.94587 1.9639 7.90652 1.89519 7.83781C1.82648 7.7691 1.78713 7.67641 1.78541 7.57926C1.7837 7.48211 1.81976 7.38809 1.886 7.317L2.952 6.25H1.375C1.27554 6.25 1.18016 6.21049 1.10983 6.14016C1.03951 6.06984 1 5.97446 1 5.875C1 5.77554 1.03951 5.68016 1.10983 5.60984C1.18016 5.53951 1.27554 5.5 1.375 5.5H2.9525L1.885 4.4335C1.81465 4.36315 1.77513 4.26774 1.77513 4.16825C1.77513 4.06876 1.81465 3.97335 1.885 3.903C1.95535 3.83265 2.05076 3.79313 2.15025 3.79313C2.24974 3.79313 2.34515 3.83265 2.4155 3.903L4.013 5.5H5.5V4.013L3.903 2.416C3.86616 2.38167 3.83661 2.34027 3.81611 2.29427C3.79561 2.24827 3.78459 2.19861 3.7837 2.14826C3.78282 2.09791 3.79208 2.0479 3.81094 2.0012C3.8298 1.95451 3.85787 1.91209 3.89348 1.87648C3.92909 1.84087 3.97151 1.8128 4.0182 1.79394C4.0649 1.77508 4.11491 1.76582 4.16526 1.7667C4.21561 1.76759 4.26527 1.77861 4.31127 1.79911C4.35727 1.81961 4.39867 1.84916 4.433 1.886L5.5 2.952V1.375C5.5 1.27554 5.53951 1.18016 5.60984 1.10983C5.68016 1.03951 5.77554 1 5.875 1Z" fill="#318CF7"></path></svg></span><span class="txt_box" style="color:#318CF7">냉동</span></li><li class="category_info flex_all_center gap_2"><span class="txt_box">수입소</span><span class="dp_i_flex svg_box "><svg xmlns="http://www.w3.org/2000/svg" width="8" height="8" viewBox="0 0 12 12" fill="none"><path d="M4.14678 2.14652C4.05305 2.24028 4.00039 2.36743 4.00039 2.50002C4.00039 2.6326 4.05305 2.75975 4.14678 2.85352L7.29328 6.00002L4.14678 9.14651C4.09903 9.19264 4.06094 9.24781 4.03473 9.30881C4.00853 9.36981 3.99474 9.43543 3.99416 9.50181C3.99358 9.5682 4.00623 9.63404 4.03137 9.69549C4.05651 9.75694 4.09364 9.81277 4.14059 9.85971C4.18753 9.90666 4.24336 9.94379 4.30481 9.96893C4.36626 9.99407 4.4321 10.0067 4.49849 10.0061C4.56487 10.0056 4.63048 9.99177 4.69149 9.96557C4.75249 9.93936 4.80766 9.90127 4.85378 9.85352L8.35379 6.35352C8.44752 6.25975 8.50018 6.1326 8.50018 6.00002C8.50018 5.86743 8.44752 5.74028 8.35379 5.64652L4.85378 2.14652C4.76002 2.05278 4.63287 2.00012 4.50028 2.00012C4.3677 2.00012 4.24055 2.05278 4.14678 2.14652Z" fill="#BABEC4"></path></svg></span><span class="txt_box">세절&amp;분쇄</span></li></ul><p class="product_name">[업소용/슬라이스] 차돌양지1.2mm - 호주 | AMH - GF</p><span class="sample_grey_text">구이용/샤브샤브용 15kg(3kg*5ea)</span><div class="price_wrap"><span class="price_info"><em>218,700원</em></span><span class="price_unit">kg당 14,580원 | 총 15kg</span></div><div class="txt_label_wrap"><span class="txt_area_label label--freshPack"><span class="label__text">신선배송</span></span></div><ul class="rating_wrap"><li class="rating_star"><span class="dp_i_flex svg_box "><svg width="12" height="12" viewBox="0 0 16 17" fill="none" xmlns="http://www.w3.org/2000/svg"><path d="M3.91761 15.2225C4.16353 15.4174 4.47604 15.3483 4.84825 15.0654L8.02416 12.6269L11.2062 15.0654C11.5784 15.3483 11.8845 15.4174 12.1369 15.2225C12.3828 15.0276 12.4371 14.7071 12.287 14.2483L11.032 10.3393L14.2382 7.92602C14.6104 7.64956 14.7605 7.36023 14.6644 7.04624C14.5684 6.74457 14.2861 6.59361 13.8239 6.60004L9.89133 6.62498L8.69659 2.6972C8.55262 2.23224 8.33668 1.99976 8.02416 1.99976C7.71804 1.99976 7.50184 2.23224 7.35762 2.6972L6.16288 6.62498L2.23052 6.60004C1.76815 6.59361 1.48611 6.74457 1.39005 7.04624C1.28784 7.3605 1.44384 7.64956 1.81631 7.92602L5.02218 10.3393L3.7675 14.2483C3.61739 14.7071 3.67144 15.0276 3.91761 15.2225Z" fill="#FFC42F"></path></svg></span><span class="txt_box">4.0</span></li><li><span class="txt_box">재고 <!-- -->11</span></li></ul></div></div></div></div><div class="swiper-slide"><div class="bgInherit" style="cursor:pointer"><div role="button" class="product_card type1 stack_vertical false"><div class="img_wrap"><div class="bg_wrap"><p class="absolute_full"><img alt="상품_섬네일_이미지" loading="lazy" width="500" height="500" decoding="async" data-nimg="1" class="full_image" style="color:transparent" src="https://img-cdn.meatbox.co.kr/m/images/itemImage/2025/04/08/10/29/mo_thumb_productThumbnail_139751_20250408102913.jpg"/></p><div class="label_area" style="cursor:pointer"><div class="none_style_btn cart_button"><button class="clear_button " type="button"><div class="p_relative util_item"><span class="dp_i_flex svg_box "><svg width="32" height="32" viewBox="0 0 32 32" fill="none" xmlns="http://www.w3.org/2000/svg"><path d="M0 16C0 7.16344 7.16344 0 16 0C24.8366 0 32 7.16344 32 16C32 24.8366 24.8366 32 16 32C7.16344 32 0 24.8366 0 16Z" fill="#232221" fill-opacity="0.5"></path><path fill-rule="evenodd" clip-rule="evenodd" d="M8.32286 7.90084C8.65386 7.80292 9.00157 7.99187 9.09949 8.32286L9.55871 9.87516H21.7702C23.3041 9.87516 24.4742 11.305 24.0321 12.8005L22.6537 17.4672C22.359 18.4613 21.4274 19.1252 20.3918 19.1252H12.7602C11.7241 19.1252 10.7914 18.4613 10.4975 17.4674L7.90084 8.67746C7.80292 8.34647 7.99187 7.99876 8.32286 7.90084ZM9.92806 11.1252L11.6962 17.1129C11.8256 17.5507 12.2513 17.8752 12.7602 17.8752H20.3918C20.8994 17.8752 21.3246 17.5519 21.455 17.1129L22.8333 12.4465C23.0209 11.8121 22.5328 11.1252 21.7702 11.1252H9.92806ZM11.7577 20.9243C12.1093 20.5727 12.5862 20.3752 13.0835 20.3752C13.5808 20.3752 14.0577 20.5727 14.4093 20.9243C14.761 21.276 14.9585 21.7529 14.9585 22.2502C14.9585 22.7474 14.761 23.2244 14.4093 23.576C14.0577 23.9276 13.5808 24.1252 13.0835 24.1252C12.5862 24.1252 12.1093 23.9276 11.7577 23.576C11.406 23.2244 11.2085 22.7474 11.2085 22.2502C11.2085 21.7529 11.406 21.276 11.7577 20.9243ZM13.0835 21.6252C12.9177 21.6252 12.7588 21.691 12.6416 21.8082C12.5243 21.9254 12.4585 22.0844 12.4585 22.2502C12.4585 22.4159 12.5243 22.5749 12.6416 22.6921C12.7588 22.8093 12.9177 22.8752 13.0835 22.8752C13.2493 22.8752 13.4082 22.8093 13.5254 22.6921C13.6426 22.5749 13.7085 22.4159 13.7085 22.2502C13.7085 22.0844 13.6426 21.9254 13.5254 21.8082C13.4082 21.691 13.2493 21.6252 13.0835 21.6252ZM18.4243 20.9243C18.776 20.5727 19.2529 20.3752 19.7502 20.3752C20.2474 20.3752 20.7244 20.5727 21.076 20.9243C21.4276 21.276 21.6252 21.7529 21.6252 22.2502C21.6252 22.7474 21.4276 23.2244 21.076 23.576C20.7244 23.9276 20.2474 24.1252 19.7502 24.1252C19.2529 24.1252 18.776 23.9276 18.4243 23.576C18.0727 23.2244 17.8752 22.7474 17.8752 22.2502C17.8752 21.7529 18.0727 21.276 18.4243 20.9243ZM19.7502 21.6252C19.5844 21.6252 19.4254 21.691 19.3082 21.8082C19.191 21.9254 19.1252 22.0844 19.1252 22.2502C19.1252 22.4159 19.191 22.5749 19.3082 22.6921C19.4254 22.8093 19.5844 22.8752 19.7502 22.8752C19.9159 22.8752 20.0749 22.8093 20.1921 22.6921C20.3093 22.5749 20.3752 22.4159 20.3752 22.2502C20.3752 22.0844 20.3093 21.9254 20.1921 21.8082C20.0749 21.691 19.9159 21.6252 19.7502 21.6252Z" fill="white"></path></svg></span></div><span class="txt_box sr-only">장바구니버튼</span></button></div></div></div></div><div class="txt_wrap mt_8" style="overflow:hidden"><div class="flex_side"><button class="none_style_btn btn_brand_name"><span class="txt_box">엑셀</span></button><ul class="icon_list"><li class="tooltip_area p_relative swiper-no-swiping"><div id="__MoreInfoButton__"><button class="none_style_btn"><span class="dp_i_flex svg_box "><svg width="16" height="16" viewBox="0 0 16 17" fill="none" xmlns="http://www.w3.org/2000/svg"><path d="M8.00001 5.66671C7.8468 5.66671 7.69509 5.63653 7.55355 5.5779C7.412 5.51927 7.28339 5.43333 7.17505 5.325C7.06672 5.21666 6.98078 5.08805 6.92215 4.9465C6.86352 4.80496 6.83334 4.65325 6.83334 4.50004C6.83334 4.34683 6.86352 4.19512 6.92215 4.05358C6.98078 3.91203 7.06672 3.78342 7.17505 3.67508C7.28339 3.56675 7.412 3.48081 7.55355 3.42218C7.69509 3.36355 7.8468 3.33337 8.00001 3.33337C8.30943 3.33337 8.60618 3.45629 8.82497 3.67508C9.04376 3.89388 9.16668 4.19062 9.16668 4.50004C9.16668 4.80946 9.04376 5.10621 8.82497 5.325C8.60618 5.54379 8.30943 5.66671 8.00001 5.66671ZM8.00001 9.66671C7.69059 9.66671 7.39384 9.54379 7.17505 9.325C6.95626 9.10621 6.83334 8.80946 6.83334 8.50004C6.83334 8.19062 6.95626 7.89388 7.17505 7.67508C7.39384 7.45629 7.69059 7.33337 8.00001 7.33337C8.30943 7.33337 8.60618 7.45629 8.82497 7.67508C9.04376 7.89388 9.16668 8.19062 9.16668 8.50004C9.16668 8.80946 9.04376 9.10621 8.82497 9.325C8.60618 9.54379 8.30943 9.66671 8.00001 9.66671ZM6.83334 12.5C6.83334 12.8095 6.95626 13.1062 7.17505 13.325C7.39384 13.5438 7.69059 13.6667 8.00001 13.6667C8.30943 13.6667 8.60618 13.5438 8.82497 13.325C9.04376 13.1062 9.16668 12.8095 9.16668 12.5C9.16668 12.1906 9.04376 11.8939 8.82497 11.6751C8.60618 11.4563 8.30943 11.3334 8.00001 11.3334C7.69059 11.3334 7.39384 11.4563 7.17505 11.6751C6.95626 11.8939 6.83334 12.1906 6.83334 12.5Z" fill="#232221"></path></svg></span></button></div></li></ul></div><ul class="category_wrap"><li class="category_info storage_type"><span class="dp_i_flex svg_box "><svg width="12" height="12" viewBox="0 0 12 12" fill="none" xmlns="http://www.w3.org/2000/svg"><path d="M5.875 1C5.97446 1 6.06984 1.03951 6.14016 1.10983C6.21049 1.18016 6.25 1.27554 6.25 1.375V2.9525L7.3165 1.8855C7.35133 1.85067 7.39269 1.82304 7.4382 1.80418C7.48371 1.78533 7.53249 1.77563 7.58175 1.77563C7.63101 1.77563 7.67979 1.78533 7.7253 1.80418C7.77081 1.82304 7.81217 1.85067 7.847 1.8855C7.88183 1.92033 7.90946 1.96169 7.92832 2.0072C7.94717 2.05271 7.95687 2.10149 7.95687 2.15075C7.95687 2.20001 7.94717 2.24879 7.92832 2.2943C7.90946 2.33981 7.88183 2.38117 7.847 2.416L6.25 4.013V5.5H7.737L9.334 3.903C9.40509 3.83676 9.49911 3.8007 9.59626 3.80241C9.69341 3.80413 9.7861 3.84348 9.85481 3.91219C9.92352 3.9809 9.96287 4.07359 9.96459 4.17074C9.9663 4.26789 9.93024 4.36191 9.864 4.433L8.798 5.5H10.3755C10.475 5.5 10.5703 5.53951 10.6407 5.60984C10.711 5.68016 10.7505 5.77554 10.7505 5.875C10.7505 5.97446 10.711 6.06984 10.6407 6.14016C10.5703 6.21049 10.475 6.25 10.3755 6.25H8.798L9.865 7.3165C9.89983 7.35133 9.92746 7.39269 9.94632 7.4382C9.96517 7.48371 9.97487 7.53249 9.97487 7.58175C9.97487 7.63101 9.96517 7.67979 9.94632 7.7253C9.92746 7.77081 9.89983 7.81217 9.865 7.847C9.83017 7.88183 9.78881 7.90946 9.7433 7.92832C9.69779 7.94717 9.64901 7.95687 9.59975 7.95687C9.55049 7.95687 9.50171 7.94717 9.4562 7.92832C9.41069 7.90946 9.36933 7.88183 9.3345 7.847L7.737 6.25H6.25V7.737L7.847 9.334C7.91324 9.40509 7.9493 9.49911 7.94759 9.59626C7.94587 9.69341 7.90652 9.7861 7.83781 9.85481C7.7691 9.92352 7.67641 9.96287 7.57926 9.96459C7.48211 9.9663 7.38809 9.93024 7.317 9.864L6.25 8.798V10.3755C6.25 10.475 6.21049 10.5703 6.14016 10.6407C6.06984 10.711 5.97446 10.7505 5.875 10.7505C5.77554 10.7505 5.68016 10.711 5.60984 10.6407C5.53951 10.5703 5.5 10.475 5.5 10.3755V8.798L4.4335 9.865C4.39867 9.89983 4.35731 9.92746 4.3118 9.94632C4.26629 9.96517 4.21751 9.97487 4.16825 9.97487C4.11899 9.97487 4.07021 9.96517 4.0247 9.94632C3.97919 9.92746 3.93783 9.89983 3.903 9.865C3.86817 9.83017 3.84054 9.78881 3.82168 9.7433C3.80283 9.69779 3.79313 9.64901 3.79313 9.59975C3.79313 9.55049 3.80283 9.50171 3.82168 9.4562C3.84054 9.41069 3.86817 9.36933 3.903 9.3345L5.5 7.737V6.25H4.013L2.416 7.847C2.34491 7.91324 2.25089 7.9493 2.15374 7.94759C2.05659 7.94587 1.9639 7.90652 1.89519 7.83781C1.82648 7.7691 1.78713 7.67641 1.78541 7.57926C1.7837 7.48211 1.81976 7.38809 1.886 7.317L2.952 6.25H1.375C1.27554 6.25 1.18016 6.21049 1.10983 6.14016C1.03951 6.06984 1 5.97446 1 5.875C1 5.77554 1.03951 5.68016 1.10983 5.60984C1.18016 5.53951 1.27554 5.5 1.375 5.5H2.9525L1.885 4.4335C1.81465 4.36315 1.77513 4.26774 1.77513 4.16825C1.77513 4.06876 1.81465 3.97335 1.885 3.903C1.95535 3.83265 2.05076 3.79313 2.15025 3.79313C2.24974 3.79313 2.34515 3.83265 2.4155 3.903L4.013 5.5H5.5V4.013L3.903 2.416C3.86616 2.38167 3.83661 2.34027 3.81611 2.29427C3.79561 2.24827 3.78459 2.19861 3.7837 2.14826C3.78282 2.09791 3.79208 2.0479 3.81094 2.0012C3.8298 1.95451 3.85787 1.91209 3.89348 1.87648C3.92909 1.84087 3.97151 1.8128 4.0182 1.79394C4.0649 1.77508 4.11491 1.76582 4.16526 1.7667C4.21561 1.76759 4.26527 1.77861 4.31127 1.79911C4.35727 1.81961 4.39867 1.84916 4.433 1.886L5.5 2.952V1.375C5.5 1.27554 5.53951 1.18016 5.60984 1.10983C5.68016 1.03951 5.77554 1 5.875 1Z" fill="#318CF7"></path></svg></span><span class="txt_box" style="color:#318CF7">냉동</span></li><li class="category_info flex_all_center gap_2"><span class="txt_box">수입소</span><span class="dp_i_flex svg_box "><svg xmlns="http://www.w3.org/2000/svg" width="8" height="8" viewBox="0 0 12 12" fill="none"><path d="M4.14678 2.14652C4.05305 2.24028 4.00039 2.36743 4.00039 2.50002C4.00039 2.6326 4.05305 2.75975 4.14678 2.85352L7.29328 6.00002L4.14678 9.14651C4.09903 9.19264 4.06094 9.24781 4.03473 9.30881C4.00853 9.36981 3.99474 9.43543 3.99416 9.50181C3.99358 9.5682 4.00623 9.63404 4.03137 9.69549C4.05651 9.75694 4.09364 9.81277 4.14059 9.85971C4.18753 9.90666 4.24336 9.94379 4.30481 9.96893C4.36626 9.99407 4.4321 10.0067 4.49849 10.0061C4.56487 10.0056 4.63048 9.99177 4.69149 9.96557C4.75249 9.93936 4.80766 9.90127 4.85378 9.85352L8.35379 6.35352C8.44752 6.25975 8.50018 6.1326 8.50018 6.00002C8.50018 5.86743 8.44752 5.74028 8.35379 5.64652L4.85378 2.14652C4.76002 2.05278 4.63287 2.00012 4.50028 2.00012C4.3677 2.00012 4.24055 2.05278 4.14678 2.14652Z" fill="#BABEC4"></path></svg></span><span class="txt_box">세절&amp;분쇄</span></li></ul><p class="product_name">[업소용/돌돌이] 차돌박이1.2mm - 미국 | 엑셀 - 초이스</p><span class="sample_grey_text">구이용.샤브샤브용 10kg(2.5kg*4봉)</span><div class="price_wrap"><span class="price_info"><em>171,200원</em></span><span class="price_unit">kg당 17,120원 | 총 10kg</span></div><div class="txt_label_wrap"><span class="txt_area_label label--freshPack"><span class="label__text">신선배송</span></span></div><ul class="rating_wrap"><li><span class="txt_box">재고 <!-- -->8</span></li></ul></div></div></div></div><div class="swiper-slide"><div class="bgInherit" style="cursor:pointer"><div role="button" class="product_card type1 stack_vertical false"><div class="img_wrap"><div class="bg_wrap"><p class="absolute_full"><img alt="상품_섬네일_이미지" loading="lazy" width="500" height="500" decoding="async" data-nimg="1" class="full_image" style="color:transparent" src="https://img-cdn.meatbox.co.kr/m/images/itemImage/2025/06/12/16/41/mo_thumb_productThumbnail_139751_20250612164159.jpg"/></p><div class="label_area" style="cursor:pointer"><div class="balloon_label pink  "><span class="txt_box">품절 예정</span><span class="angle-pixel left_top"></span></div><div class="none_style_btn cart_button"><button class="clear_button " type="button"><div class="p_relative util_item"><span class="dp_i_flex svg_box "><svg width="32" height="32" viewBox="0 0 32 32" fill="none" xmlns="http://www.w3.org/2000/svg"><path d="M0 16C0 7.16344 7.16344 0 16 0C24.8366 0 32 7.16344 32 16C32 24.8366 24.8366 32 16 32C7.16344 32 0 24.8366 0 16Z" fill="#232221" fill-opacity="0.5"></path><path fill-rule="evenodd" clip-rule="evenodd" d="M8.32286 7.90084C8.65386 7.80292 9.00157 7.99187 9.09949 8.32286L9.55871 9.87516H21.7702C23.3041 9.87516 24.4742 11.305 24.0321 12.8005L22.6537 17.4672C22.359 18.4613 21.4274 19.1252 20.3918 19.1252H12.7602C11.7241 19.1252 10.7914 18.4613 10.4975 17.4674L7.90084 8.67746C7.80292 8.34647 7.99187 7.99876 8.32286 7.90084ZM9.92806 11.1252L11.6962 17.1129C11.8256 17.5507 12.2513 17.8752 12.7602 17.8752H20.3918C20.8994 17.8752 21.3246 17.5519 21.455 17.1129L22.8333 12.4465C23.0209 11.8121 22.5328 11.1252 21.7702 11.1252H9.92806ZM11.7577 20.9243C12.1093 20.5727 12.5862 20.3752 13.0835 20.3752C13.5808 20.3752 14.0577 20.5727 14.4093 20.9243C14.761 21.276 14.9585 21.7529 14.9585 22.2502C14.9585 22.7474 14.761 23.2244 14.4093 23.576C14.0577 23.9276 13.5808 24.1252 13.0835 24.1252C12.5862 24.1252 12.1093 23.9276 11.7577 23.576C11.406 23.2244 11.2085 22.7474 11.2085 22.2502C11.2085 21.7529 11.406 21.276 11.7577 20.9243ZM13.0835 21.6252C12.9177 21.6252 12.7588 21.691 12.6416 21.8082C12.5243 21.9254 12.4585 22.0844 12.4585 22.2502C12.4585 22.4159 12.5243 22.5749 12.6416 22.6921C12.7588 22.8093 12.9177 22.8752 13.0835 22.8752C13.2493 22.8752 13.4082 22.8093 13.5254 22.6921C13.6426 22.5749 13.7085 22.4159 13.7085 22.2502C13.7085 22.0844 13.6426 21.9254 13.5254 21.8082C13.4082 21.691 13.2493 21.6252 13.0835 21.6252ZM18.4243 20.9243C18.776 20.5727 19.2529 20.3752 19.7502 20.3752C20.2474 20.3752 20.7244 20.5727 21.076 20.9243C21.4276 21.276 21.6252 21.7529 21.6252 22.2502C21.6252 22.7474 21.4276 23.2244 21.076 23.576C20.7244 23.9276 20.2474 24.1252 19.7502 24.1252C19.2529 24.1252 18.776 23.9276 18.4243 23.576C18.0727 23.2244 17.8752 22.7474 17.8752 22.2502C17.8752 21.7529 18.0727 21.276 18.4243 20.9243ZM19.7502 21.6252C19.5844 21.6252 19.4254 21.691 19.3082 21.8082C19.191 21.9254 19.1252 22.0844 19.1252 22.2502C19.1252 22.4159 19.191 22.5749 19.3082 22.6921C19.4254 22.8093 19.5844 22.8752 19.7502 22.8752C19.9159 22.8752 20.0749 22.8093 20.1921 22.6921C20.3093 22.5749 20.3752 22.4159 20.3752 22.2502C20.3752 22.0844 20.3093 21.9254 20.1921 21.8082C20.0749 21.691 19.9159 21.6252 19.7502 21.6252Z" fill="white"></path></svg></span></div><span class="txt_box sr-only">장바구니버튼</span></button></div></div></div></div><div class="txt_wrap mt_8" style="overflow:hidden"><div class="flex_side"><button class="none_style_btn btn_brand_name"><span class="txt_box">AMH</span></button><ul class="icon_list"><li class="tooltip_area p_relative swiper-no-swiping"><div id="__MoreInfoButton__"><button class="none_style_btn"><span class="dp_i_flex svg_box "><svg width="16" height="16" viewBox="0 0 16 17" fill="none" xmlns="http://www.w3.org/2000/svg"><path d="M8.00001 5.66671C7.8468 5.66671 7.69509 5.63653 7.55355 5.5779C7.412 5.51927 7.28339 5.43333 7.17505 5.325C7.06672 5.21666 6.98078 5.08805 6.92215 4.9465C6.86352 4.80496 6.83334 4.65325 6.83334 4.50004C6.83334 4.34683 6.86352 4.19512 6.92215 4.05358C6.98078 3.91203 7.06672 3.78342 7.17505 3.67508C7.28339 3.56675 7.412 3.48081 7.55355 3.42218C7.69509 3.36355 7.8468 3.33337 8.00001 3.33337C8.30943 3.33337 8.60618 3.45629 8.82497 3.67508C9.04376 3.89388 9.16668 4.19062 9.16668 4.50004C9.16668 4.80946 9.04376 5.10621 8.82497 5.325C8.60618 5.54379 8.30943 5.66671 8.00001 5.66671ZM8.00001 9.66671C7.69059 9.66671 7.39384 9.54379 7.17505 9.325C6.95626 9.10621 6.83334 8.80946 6.83334 8.50004C6.83334 8.19062 6.95626 7.89388 7.17505 7.67508C7.39384 7.45629 7.69059 7.33337 8.00001 7.33337C8.30943 7.33337 8.60618 7.45629 8.82497 7.67508C9.04376 7.89388 9.16668 8.19062 9.16668 8.50004C9.16668 8.80946 9.04376 9.10621 8.82497 9.325C8.60618 9.54379 8.30943 9.66671 8.00001 9.66671ZM6.83334 12.5C6.83334 12.8095 6.95626 13.1062 7.17505 13.325C7.39384 13.5438 7.69059 13.6667 8.00001 13.6667C8.30943 13.6667 8.60618 13.5438 8.82497 13.325C9.04376 13.1062 9.16668 12.8095 9.16668 12.5C9.16668 12.1906 9.04376 11.8939 8.82497 11.6751C8.60618 11.4563 8.30943 11.3334 8.00001 11.3334C7.69059 11.3334 7.39384 11.4563 7.17505 11.6751C6.95626 11.8939 6.83334 12.1906 6.83334 12.5Z" fill="#232221"></path></svg></span></button></div></li></ul></div><ul class="category_wrap"><li class="category_info storage_type"><span class="dp_i_flex svg_box "><svg width="12" height="12" viewBox="0 0 12 12" fill="none" xmlns="http://www.w3.org/2000/svg"><path d="M5.875 1C5.97446 1 6.06984 1.03951 6.14016 1.10983C6.21049 1.18016 6.25 1.27554 6.25 1.375V2.9525L7.3165 1.8855C7.35133 1.85067 7.39269 1.82304 7.4382 1.80418C7.48371 1.78533 7.53249 1.77563 7.58175 1.77563C7.63101 1.77563 7.67979 1.78533 7.7253 1.80418C7.77081 1.82304 7.81217 1.85067 7.847 1.8855C7.88183 1.92033 7.90946 1.96169 7.92832 2.0072C7.94717 2.05271 7.95687 2.10149 7.95687 2.15075C7.95687 2.20001 7.94717 2.24879 7.92832 2.2943C7.90946 2.33981 7.88183 2.38117 7.847 2.416L6.25 4.013V5.5H7.737L9.334 3.903C9.40509 3.83676 9.49911 3.8007 9.59626 3.80241C9.69341 3.80413 9.7861 3.84348 9.85481 3.91219C9.92352 3.9809 9.96287 4.07359 9.96459 4.17074C9.9663 4.26789 9.93024 4.36191 9.864 4.433L8.798 5.5H10.3755C10.475 5.5 10.5703 5.53951 10.6407 5.60984C10.711 5.68016 10.7505 5.77554 10.7505 5.875C10.7505 5.97446 10.711 6.06984 10.6407 6.14016C10.5703 6.21049 10.475 6.25 10.3755 6.25H8.798L9.865 7.3165C9.89983 7.35133 9.92746 7.39269 9.94632 7.4382C9.96517 7.48371 9.97487 7.53249 9.97487 7.58175C9.97487 7.63101 9.96517 7.67979 9.94632 7.7253C9.92746 7.77081 9.89983 7.81217 9.865 7.847C9.83017 7.88183 9.78881 7.90946 9.7433 7.92832C9.69779 7.94717 9.64901 7.95687 9.59975 7.95687C9.55049 7.95687 9.50171 7.94717 9.4562 7.92832C9.41069 7.90946 9.36933 7.88183 9.3345 7.847L7.737 6.25H6.25V7.737L7.847 9.334C7.91324 9.40509 7.9493 9.49911 7.94759 9.59626C7.94587 9.69341 7.90652 9.7861 7.83781 9.85481C7.7691 9.92352 7.67641 9.96287 7.57926 9.96459C7.48211 9.9663 7.38809 9.93024 7.317 9.864L6.25 8.798V10.3755C6.25 10.475 6.21049 10.5703 6.14016 10.6407C6.06984 10.711 5.97446 10.7505 5.875 10.7505C5.77554 10.7505 5.68016 10.711 5.60984 10.6407C5.53951 10.5703 5.5 10.475 5.5 10.3755V8.798L4.4335 9.865C4.39867 9.89983 4.35731 9.92746 4.3118 9.94632C4.26629 9.96517 4.21751 9.97487 4.16825 9.97487C4.11899 9.97487 4.07021 9.96517 4.0247 9.94632C3.97919 9.92746 3.93783 9.89983 3.903 9.865C3.86817 9.83017 3.84054 9.78881 3.82168 9.7433C3.80283 9.69779 3.79313 9.64901 3.79313 9.59975C3.79313 9.55049 3.80283 9.50171 3.82168 9.4562C3.84054 9.41069 3.86817 9.36933 3.903 9.3345L5.5 7.737V6.25H4.013L2.416 7.847C2.34491 7.91324 2.25089 7.9493 2.15374 7.94759C2.05659 7.94587 1.9639 7.90652 1.89519 7.83781C1.82648 7.7691 1.78713 7.67641 1.78541 7.57926C1.7837 7.48211 1.81976 7.38809 1.886 7.317L2.952 6.25H1.375C1.27554 6.25 1.18016 6.21049 1.10983 6.14016C1.03951 6.06984 1 5.97446 1 5.875C1 5.77554 1.03951 5.68016 1.10983 5.60984C1.18016 5.53951 1.27554 5.5 1.375 5.5H2.9525L1.885 4.4335C1.81465 4.36315 1.77513 4.26774 1.77513 4.16825C1.77513 4.06876 1.81465 3.97335 1.885 3.903C1.95535 3.83265 2.05076 3.79313 2.15025 3.79313C2.24974 3.79313 2.34515 3.83265 2.4155 3.903L4.013 5.5H5.5V4.013L3.903 2.416C3.86616 2.38167 3.83661 2.34027 3.81611 2.29427C3.79561 2.24827 3.78459 2.19861 3.7837 2.14826C3.78282 2.09791 3.79208 2.0479 3.81094 2.0012C3.8298 1.95451 3.85787 1.91209 3.89348 1.87648C3.92909 1.84087 3.97151 1.8128 4.0182 1.79394C4.0649 1.77508 4.11491 1.76582 4.16526 1.7667C4.21561 1.76759 4.26527 1.77861 4.31127 1.79911C4.35727 1.81961 4.39867 1.84916 4.433 1.886L5.5 2.952V1.375C5.5 1.27554 5.53951 1.18016 5.60984 1.10983C5.68016 1.03951 5.77554 1 5.875 1Z" fill="#318CF7"></path></svg></span><span class="txt_box" style="color:#318CF7">냉동</span></li><li class="category_info flex_all_center gap_2"><span class="txt_box">수입소</span><span class="dp_i_flex svg_box "><svg xmlns="http://www.w3.org/2000/svg" width="8" height="8" viewBox="0 0 12 12" fill="none"><path d="M4.14678 2.14652C4.05305 2.24028 4.00039 2.36743 4.00039 2.50002C4.00039 2.6326 4.05305 2.75975 4.14678 2.85352L7.29328 6.00002L4.14678 9.14651C4.09903 9.19264 4.06094 9.24781 4.03473 9.30881C4.00853 9.36981 3.99474 9.43543 3.99416 9.50181C3.99358 9.5682 4.00623 9.63404 4.03137 9.69549C4.05651 9.75694 4.09364 9.81277 4.14059 9.85971C4.18753 9.90666 4.24336 9.94379 4.30481 9.96893C4.36626 9.99407 4.4321 10.0067 4.49849 10.0061C4.56487 10.0056 4.63048 9.99177 4.69149 9.96557C4.75249 9.93936 4.80766 9.90127 4.85378 9.85352L8.35379 6.35352C8.44752 6.25975 8.50018 6.1326 8.50018 6.00002C8.50018 5.86743 8.44752 5.74028 8.35379 5.64652L4.85378 2.14652C4.76002 2.05278 4.63287 2.00012 4.50028 2.00012C4.3677 2.00012 4.24055 2.05278 4.14678 2.14652Z" fill="#BABEC4"></path></svg></span><span class="txt_box">세절&amp;분쇄</span></li></ul><p class="product_name">[업소용/돌돌이] 차돌양지1.2mm - 호주 | AMH - GF</p><span class="sample_grey_text">구이용.샤브샤브용 돌돌이10kg(2.5kg*4봉)</span><div class="price_wrap"><span class="price_info"><em>140,600원</em></span><span class="price_unit">kg당 14,060원 | 총 10kg</span></div><div class="txt_label_wrap"><span class="txt_area_label label--freshPack"><span class="label__text">신선배송</span></span></div><ul class="rating_wrap"><li><span class="txt_box">재고 <!-- -->1</span></li></ul></div></div></div></div><div class="swiper-slide"><div class="bgInherit" style="cursor:pointer"><div role="button" class="product_card type1 stack_vertical false"><div class="img_wrap"><div class="bg_wrap"><p class="absolute_full"><img alt="상품_섬네일_이미지" loading="lazy" width="500" height="500" decoding="async" data-nimg="1" class="full_image" style="color:transparent" src="https://img-cdn.meatbox.co.kr/m/images/itemImage/2025/04/07/15/42/mo_thumb_productThumbnail_139751_20250407154227.jpg"/></p><div class="label_area" style="cursor:pointer"><div class="none_style_btn cart_button"><button class="clear_button " type="button"><div class="p_relative util_item"><span class="dp_i_flex svg_box "><svg width="32" height="32" viewBox="0 0 32 32" fill="none" xmlns="http://www.w3.org/2000/svg"><path d="M0 16C0 7.16344 7.16344 0 16 0C24.8366 0 32 7.16344 32 16C32 24.8366 24.8366 32 16 32C7.16344 32 0 24.8366 0 16Z" fill="#232221" fill-opacity="0.5"></path><path fill-rule="evenodd" clip-rule="evenodd" d="M8.32286 7.90084C8.65386 7.80292 9.00157 7.99187 9.09949 8.32286L9.55871 9.87516H21.7702C23.3041 9.87516 24.4742 11.305 24.0321 12.8005L22.6537 17.4672C22.359 18.4613 21.4274 19.1252 20.3918 19.1252H12.7602C11.7241 19.1252 10.7914 18.4613 10.4975 17.4674L7.90084 8.67746C7.80292 8.34647 7.99187 7.99876 8.32286 7.90084ZM9.92806 11.1252L11.6962 17.1129C11.8256 17.5507 12.2513 17.8752 12.7602 17.8752H20.3918C20.8994 17.8752 21.3246 17.5519 21.455 17.1129L22.8333 12.4465C23.0209 11.8121 22.5328 11.1252 21.7702 11.1252H9.92806ZM11.7577 20.9243C12.1093 20.5727 12.5862 20.3752 13.0835 20.3752C13.5808 20.3752 14.0577 20.5727 14.4093 20.9243C14.761 21.276 14.9585 21.7529 14.9585 22.2502C14.9585 22.7474 14.761 23.2244 14.4093 23.576C14.0577 23.9276 13.5808 24.1252 13.0835 24.1252C12.5862 24.1252 12.1093 23.9276 11.7577 23.576C11.406 23.2244 11.2085 22.7474 11.2085 22.2502C11.2085 21.7529 11.406 21.276 11.7577 20.9243ZM13.0835 21.6252C12.9177 21.6252 12.7588 21.691 12.6416 21.8082C12.5243 21.9254 12.4585 22.0844 12.4585 22.2502C12.4585 22.4159 12.5243 22.5749 12.6416 22.6921C12.7588 22.8093 12.9177 22.8752 13.0835 22.8752C13.2493 22.8752 13.4082 22.8093 13.5254 22.6921C13.6426 22.5749 13.7085 22.4159 13.7085 22.2502C13.7085 22.0844 13.6426 21.9254 13.5254 21.8082C13.4082 21.691 13.2493 21.6252 13.0835 21.6252ZM18.4243 20.9243C18.776 20.5727 19.2529 20.3752 19.7502 20.3752C20.2474 20.3752 20.7244 20.5727 21.076 20.9243C21.4276 21.276 21.6252 21.7529 21.6252 22.2502C21.6252 22.7474 21.4276 23.2244 21.076 23.576C20.7244 23.9276 20.2474 24.1252 19.7502 24.1252C19.2529 24.1252 18.776 23.9276 18.4243 23.576C18.0727 23.2244 17.8752 22.7474 17.8752 22.2502C17.8752 21.7529 18.0727 21.276 18.4243 20.9243ZM19.7502 21.6252C19.5844 21.6252 19.4254 21.691 19.3082 21.8082C19.191 21.9254 19.1252 22.0844 19.1252 22.2502C19.1252 22.4159 19.191 22.5749 19.3082 22.6921C19.4254 22.8093 19.5844 22.8752 19.7502 22.8752C19.9159 22.8752 20.0749 22.8093 20.1921 22.6921C20.3093 22.5749 20.3752 22.4159 20.3752 22.2502C20.3752 22.0844 20.3093 21.9254 20.1921 21.8082C20.0749 21.691 19.9159 21.6252 19.7502 21.6252Z" fill="white"></path></svg></span></div><span class="txt_box sr-only">장바구니버튼</span></button></div></div></div></div><div class="txt_wrap mt_8" style="overflow:hidden"><div class="flex_side"><button class="none_style_btn btn_brand_name"><span class="txt_box">스위프트</span></button><ul class="icon_list"><li class="tooltip_area p_relative swiper-no-swiping"><div id="__MoreInfoButton__"><button class="none_style_btn"><span class="dp_i_flex svg_box "><svg width="16" height="16" viewBox="0 0 16 17" fill="none" xmlns="http://www.w3.org/2000/svg"><path d="M8.00001 5.66671C7.8468 5.66671 7.69509 5.63653 7.55355 5.5779C7.412 5.51927 7.28339 5.43333 7.17505 5.325C7.06672 5.21666 6.98078 5.08805 6.92215 4.9465C6.86352 4.80496 6.83334 4.65325 6.83334 4.50004C6.83334 4.34683 6.86352 4.19512 6.92215 4.05358C6.98078 3.91203 7.06672 3.78342 7.17505 3.67508C7.28339 3.56675 7.412 3.48081 7.55355 3.42218C7.69509 3.36355 7.8468 3.33337 8.00001 3.33337C8.30943 3.33337 8.60618 3.45629 8.82497 3.67508C9.04376 3.89388 9.16668 4.19062 9.16668 4.50004C9.16668 4.80946 9.04376 5.10621 8.82497 5.325C8.60618 5.54379 8.30943 5.66671 8.00001 5.66671ZM8.00001 9.66671C7.69059 9.66671 7.39384 9.54379 7.17505 9.325C6.95626 9.10621 6.83334 8.80946 6.83334 8.50004C6.83334 8.19062 6.95626 7.89388 7.17505 7.67508C7.39384 7.45629 7.69059 7.33337 8.00001 7.33337C8.30943 7.33337 8.60618 7.45629 8.82497 7.67508C9.04376 7.89388 9.16668 8.19062 9.16668 8.50004C9.16668 8.80946 9.04376 9.10621 8.82497 9.325C8.60618 9.54379 8.30943 9.66671 8.00001 9.66671ZM6.83334 12.5C6.83334 12.8095 6.95626 13.1062 7.17505 13.325C7.39384 13.5438 7.69059 13.6667 8.00001 13.6667C8.30943 13.6667 8.60618 13.5438 8.82497 13.325C9.04376 13.1062 9.16668 12.8095 9.16668 12.5C9.16668 12.1906 9.04376 11.8939 8.82497 11.6751C8.60618 11.4563 8.30943 11.3334 8.00001 11.3334C7.69059 11.3334 7.39384 11.4563 7.17505 11.6751C6.95626 11.8939 6.83334 12.1906 6.83334 12.5Z" fill="#232221"></path></svg></span></button></div></li></ul></div><ul class="category_wrap"><li class="category_info storage_type"><span class="dp_i_flex svg_box "><svg width="12" height="12" viewBox="0 0 12 12" fill="none" xmlns="http://www.w3.org/2000/svg"><path d="M5.875 1C5.97446 1 6.06984 1.03951 6.14016 1.10983C6.21049 1.18016 6.25 1.27554 6.25 1.375V2.9525L7.3165 1.8855C7.35133 1.85067 7.39269 1.82304 7.4382 1.80418C7.48371 1.78533 7.53249 1.77563 7.58175 1.77563C7.63101 1.77563 7.67979 1.78533 7.7253 1.80418C7.77081 1.82304 7.81217 1.85067 7.847 1.8855C7.88183 1.92033 7.90946 1.96169 7.92832 2.0072C7.94717 2.05271 7.95687 2.10149 7.95687 2.15075C7.95687 2.20001 7.94717 2.24879 7.92832 2.2943C7.90946 2.33981 7.88183 2.38117 7.847 2.416L6.25 4.013V5.5H7.737L9.334 3.903C9.40509 3.83676 9.49911 3.8007 9.59626 3.80241C9.69341 3.80413 9.7861 3.84348 9.85481 3.91219C9.92352 3.9809 9.96287 4.07359 9.96459 4.17074C9.9663 4.26789 9.93024 4.36191 9.864 4.433L8.798 5.5H10.3755C10.475 5.5 10.5703 5.53951 10.6407 5.60984C10.711 5.68016 10.7505 5.77554 10.7505 5.875C10.7505 5.97446 10.711 6.06984 10.6407 6.14016C10.5703 6.21049 10.475 6.25 10.3755 6.25H8.798L9.865 7.3165C9.89983 7.35133 9.92746 7.39269 9.94632 7.4382C9.96517 7.48371 9.97487 7.53249 9.97487 7.58175C9.97487 7.63101 9.96517 7.67979 9.94632 7.7253C9.92746 7.77081 9.89983 7.81217 9.865 7.847C9.83017 7.88183 9.78881 7.90946 9.7433 7.92832C9.69779 7.94717 9.64901 7.95687 9.59975 7.95687C9.55049 7.95687 9.50171 7.94717 9.4562 7.92832C9.41069 7.90946 9.36933 7.88183 9.3345 7.847L7.737 6.25H6.25V7.737L7.847 9.334C7.91324 9.40509 7.9493 9.49911 7.94759 9.59626C7.94587 9.69341 7.90652 9.7861 7.83781 9.85481C7.7691 9.92352 7.67641 9.96287 7.57926 9.96459C7.48211 9.9663 7.38809 9.93024 7.317 9.864L6.25 8.798V10.3755C6.25 10.475 6.21049 10.5703 6.14016 10.6407C6.06984 10.711 5.97446 10.7505 5.875 10.7505C5.77554 10.7505 5.68016 10.711 5.60984 10.6407C5.53951 10.5703 5.5 10.475 5.5 10.3755V8.798L4.4335 9.865C4.39867 9.89983 4.35731 9.92746 4.3118 9.94632C4.26629 9.96517 4.21751 9.97487 4.16825 9.97487C4.11899 9.97487 4.07021 9.96517 4.0247 9.94632C3.97919 9.92746 3.93783 9.89983 3.903 9.865C3.86817 9.83017 3.84054 9.78881 3.82168 9.7433C3.80283 9.69779 3.79313 9.64901 3.79313 9.59975C3.79313 9.55049 3.80283 9.50171 3.82168 9.4562C3.84054 9.41069 3.86817 9.36933 3.903 9.3345L5.5 7.737V6.25H4.013L2.416 7.847C2.34491 7.91324 2.25089 7.9493 2.15374 7.94759C2.05659 7.94587 1.9639 7.90652 1.89519 7.83781C1.82648 7.7691 1.78713 7.67641 1.78541 7.57926C1.7837 7.48211 1.81976 7.38809 1.886 7.317L2.952 6.25H1.375C1.27554 6.25 1.18016 6.21049 1.10983 6.14016C1.03951 6.06984 1 5.97446 1 5.875C1 5.77554 1.03951 5.68016 1.10983 5.60984C1.18016 5.53951 1.27554 5.5 1.375 5.5H2.9525L1.885 4.4335C1.81465 4.36315 1.77513 4.26774 1.77513 4.16825C1.77513 4.06876 1.81465 3.97335 1.885 3.903C1.95535 3.83265 2.05076 3.79313 2.15025 3.79313C2.24974 3.79313 2.34515 3.83265 2.4155 3.903L4.013 5.5H5.5V4.013L3.903 2.416C3.86616 2.38167 3.83661 2.34027 3.81611 2.29427C3.79561 2.24827 3.78459 2.19861 3.7837 2.14826C3.78282 2.09791 3.79208 2.0479 3.81094 2.0012C3.8298 1.95451 3.85787 1.91209 3.89348 1.87648C3.92909 1.84087 3.97151 1.8128 4.0182 1.79394C4.0649 1.77508 4.11491 1.76582 4.16526 1.7667C4.21561 1.76759 4.26527 1.77861 4.31127 1.79911C4.35727 1.81961 4.39867 1.84916 4.433 1.886L5.5 2.952V1.375C5.5 1.27554 5.53951 1.18016 5.60984 1.10983C5.68016 1.03951 5.77554 1 5.875 1Z" fill="#318CF7"></path></svg></span><span class="txt_box" style="color:#318CF7">냉동</span></li><li class="category_info flex_all_center gap_2"><span class="txt_box">수입소</span><span class="dp_i_flex svg_box "><svg xmlns="http://www.w3.org/2000/svg" width="8" height="8" viewBox="0 0 12 12" fill="none"><path d="M4.14678 2.14652C4.05305 2.24028 4.00039 2.36743 4.00039 2.50002C4.00039 2.6326 4.05305 2.75975 4.14678 2.85352L7.29328 6.00002L4.14678 9.14651C4.09903 9.19264 4.06094 9.24781 4.03473 9.30881C4.00853 9.36981 3.99474 9.43543 3.99416 9.50181C3.99358 9.5682 4.00623 9.63404 4.03137 9.69549C4.05651 9.75694 4.09364 9.81277 4.14059 9.85971C4.18753 9.90666 4.24336 9.94379 4.30481 9.96893C4.36626 9.99407 4.4321 10.0067 4.49849 10.0061C4.56487 10.0056 4.63048 9.99177 4.69149 9.96557C4.75249 9.93936 4.80766 9.90127 4.85378 9.85352L8.35379 6.35352C8.44752 6.25975 8.50018 6.1326 8.50018 6.00002C8.50018 5.86743 8.44752 5.74028 8.35379 5.64652L4.85378 2.14652C4.76002 2.05278 4.63287 2.00012 4.50028 2.00012C4.3677 2.00012 4.24055 2.05278 4.14678 2.14652Z" fill="#BABEC4"></path></svg></span><span class="txt_box">세절&amp;분쇄</span></li></ul><p class="product_name">[소량/큐브] 부채살20mm - 미국 | 스위프트 - 초이스</p><span class="sample_grey_text">찹스테이크용 1kg</span><div class="price_wrap"><span class="price_info"><em>21,960원</em></span><span class="price_unit">100g당 2,196원 | 총 1,000g</span></div><div class="txt_label_wrap"><span class="txt_area_label label--warm"><span class="label__text">택배</span></span></div><ul class="rating_wrap"><li><span class="txt_box">재고 <!-- -->8</span></li></ul></div></div></div></div><div class="swiper-slide"><div class="bgInherit" style="cursor:pointer"><div role="button" class="product_card type1 stack_vertical false"><div class="img_wrap"><div class="bg_wrap"><p class="absolute_full"><img alt="상품_섬네일_이미지" loading="lazy" width="500" height="500" decoding="async" data-nimg="1" class="full_image" style="color:transparent" src="https://img-cdn.meatbox.co.kr/m/images/itemImage/2025/04/04/17/56/mo_thumb_productThumbnail_139751_20250404175648.jpg"/></p><div class="label_area" style="cursor:pointer"><div class="none_style_btn cart_button"><button class="clear_button " type="button"><div class="p_relative util_item"><span class="dp_i_flex svg_box "><svg width="32" height="32" viewBox="0 0 32 32" fill="none" xmlns="http://www.w3.org/2000/svg"><path d="M0 16C0 7.16344 7.16344 0 16 0C24.8366 0 32 7.16344 32 16C32 24.8366 24.8366 32 16 32C7.16344 32 0 24.8366 0 16Z" fill="#232221" fill-opacity="0.5"></path><path fill-rule="evenodd" clip-rule="evenodd" d="M8.32286 7.90084C8.65386 7.80292 9.00157 7.99187 9.09949 8.32286L9.55871 9.87516H21.7702C23.3041 9.87516 24.4742 11.305 24.0321 12.8005L22.6537 17.4672C22.359 18.4613 21.4274 19.1252 20.3918 19.1252H12.7602C11.7241 19.1252 10.7914 18.4613 10.4975 17.4674L7.90084 8.67746C7.80292 8.34647 7.99187 7.99876 8.32286 7.90084ZM9.92806 11.1252L11.6962 17.1129C11.8256 17.5507 12.2513 17.8752 12.7602 17.8752H20.3918C20.8994 17.8752 21.3246 17.5519 21.455 17.1129L22.8333 12.4465C23.0209 11.8121 22.5328 11.1252 21.7702 11.1252H9.92806ZM11.7577 20.9243C12.1093 20.5727 12.5862 20.3752 13.0835 20.3752C13.5808 20.3752 14.0577 20.5727 14.4093 20.9243C14.761 21.276 14.9585 21.7529 14.9585 22.2502C14.9585 22.7474 14.761 23.2244 14.4093 23.576C14.0577 23.9276 13.5808 24.1252 13.0835 24.1252C12.5862 24.1252 12.1093 23.9276 11.7577 23.576C11.406 23.2244 11.2085 22.7474 11.2085 22.2502C11.2085 21.7529 11.406 21.276 11.7577 20.9243ZM13.0835 21.6252C12.9177 21.6252 12.7588 21.691 12.6416 21.8082C12.5243 21.9254 12.4585 22.0844 12.4585 22.2502C12.4585 22.4159 12.5243 22.5749 12.6416 22.6921C12.7588 22.8093 12.9177 22.8752 13.0835 22.8752C13.2493 22.8752 13.4082 22.8093 13.5254 22.6921C13.6426 22.5749 13.7085 22.4159 13.7085 22.2502C13.7085 22.0844 13.6426 21.9254 13.5254 21.8082C13.4082 21.691 13.2493 21.6252 13.0835 21.6252ZM18.4243 20.9243C18.776 20.5727 19.2529 20.3752 19.7502 20.3752C20.2474 20.3752 20.7244 20.5727 21.076 20.9243C21.4276 21.276 21.6252 21.7529 21.6252 22.2502C21.6252 22.7474 21.4276 23.2244 21.076 23.576C20.7244 23.9276 20.2474 24.1252 19.7502 24.1252C19.2529 24.1252 18.776 23.9276 18.4243 23.576C18.0727 23.2244 17.8752 22.7474 17.8752 22.2502C17.8752 21.7529 18.0727 21.276 18.4243 20.9243ZM19.7502 21.6252C19.5844 21.6252 19.4254 21.691 19.3082 21.8082C19.191 21.9254 19.1252 22.0844 19.1252 22.2502C19.1252 22.4159 19.191 22.5749 19.3082 22.6921C19.4254 22.8093 19.5844 22.8752 19.7502 22.8752C19.9159 22.8752 20.0749 22.8093 20.1921 22.6921C20.3093 22.5749 20.3752 22.4159 20.3752 22.2502C20.3752 22.0844 20.3093 21.9254 20.1921 21.8082C20.0749 21.691 19.9159 21.6252 19.7502 21.6252Z" fill="white"></path></svg></span></div><span class="txt_box sr-only">장바구니버튼</span></button></div></div></div></div><div class="txt_wrap mt_8" style="overflow:hidden"><div class="flex_side"><button class="none_style_btn btn_brand_name"><span class="txt_box">스위프트</span></button><ul class="icon_list"><li class="tooltip_area p_relative swiper-no-swiping"><div id="__MoreInfoButton__"><button class="none_style_btn"><span class="dp_i_flex svg_box "><svg width="16" height="16" viewBox="0 0 16 17" fill="none" xmlns="http://www.w3.org/2000/svg"><path d="M8.00001 5.66671C7.8468 5.66671 7.69509 5.63653 7.55355 5.5779C7.412 5.51927 7.28339 5.43333 7.17505 5.325C7.06672 5.21666 6.98078 5.08805 6.92215 4.9465C6.86352 4.80496 6.83334 4.65325 6.83334 4.50004C6.83334 4.34683 6.86352 4.19512 6.92215 4.05358C6.98078 3.91203 7.06672 3.78342 7.17505 3.67508C7.28339 3.56675 7.412 3.48081 7.55355 3.42218C7.69509 3.36355 7.8468 3.33337 8.00001 3.33337C8.30943 3.33337 8.60618 3.45629 8.82497 3.67508C9.04376 3.89388 9.16668 4.19062 9.16668 4.50004C9.16668 4.80946 9.04376 5.10621 8.82497 5.325C8.60618 5.54379 8.30943 5.66671 8.00001 5.66671ZM8.00001 9.66671C7.69059 9.66671 7.39384 9.54379 7.17505 9.325C6.95626 9.10621 6.83334 8.80946 6.83334 8.50004C6.83334 8.19062 6.95626 7.89388 7.17505 7.67508C7.39384 7.45629 7.69059 7.33337 8.00001 7.33337C8.30943 7.33337 8.60618 7.45629 8.82497 7.67508C9.04376 7.89388 9.16668 8.19062 9.16668 8.50004C9.16668 8.80946 9.04376 9.10621 8.82497 9.325C8.60618 9.54379 8.30943 9.66671 8.00001 9.66671ZM6.83334 12.5C6.83334 12.8095 6.95626 13.1062 7.17505 13.325C7.39384 13.5438 7.69059 13.6667 8.00001 13.6667C8.30943 13.6667 8.60618 13.5438 8.82497 13.325C9.04376 13.1062 9.16668 12.8095 9.16668 12.5C9.16668 12.1906 9.04376 11.8939 8.82497 11.6751C8.60618 11.4563 8.30943 11.3334 8.00001 11.3334C7.69059 11.3334 7.39384 11.4563 7.17505 11.6751C6.95626 11.8939 6.83334 12.1906 6.83334 12.5Z" fill="#232221"></path></svg></span></button></div></li></ul></div><ul class="category_wrap"><li class="category_info storage_type"><span class="dp_i_flex svg_box "><svg width="12" height="12" viewBox="0 0 12 12" fill="none" xmlns="http://www.w3.org/2000/svg"><path d="M5.875 1C5.97446 1 6.06984 1.03951 6.14016 1.10983C6.21049 1.18016 6.25 1.27554 6.25 1.375V2.9525L7.3165 1.8855C7.35133 1.85067 7.39269 1.82304 7.4382 1.80418C7.48371 1.78533 7.53249 1.77563 7.58175 1.77563C7.63101 1.77563 7.67979 1.78533 7.7253 1.80418C7.77081 1.82304 7.81217 1.85067 7.847 1.8855C7.88183 1.92033 7.90946 1.96169 7.92832 2.0072C7.94717 2.05271 7.95687 2.10149 7.95687 2.15075C7.95687 2.20001 7.94717 2.24879 7.92832 2.2943C7.90946 2.33981 7.88183 2.38117 7.847 2.416L6.25 4.013V5.5H7.737L9.334 3.903C9.40509 3.83676 9.49911 3.8007 9.59626 3.80241C9.69341 3.80413 9.7861 3.84348 9.85481 3.91219C9.92352 3.9809 9.96287 4.07359 9.96459 4.17074C9.9663 4.26789 9.93024 4.36191 9.864 4.433L8.798 5.5H10.3755C10.475 5.5 10.5703 5.53951 10.6407 5.60984C10.711 5.68016 10.7505 5.77554 10.7505 5.875C10.7505 5.97446 10.711 6.06984 10.6407 6.14016C10.5703 6.21049 10.475 6.25 10.3755 6.25H8.798L9.865 7.3165C9.89983 7.35133 9.92746 7.39269 9.94632 7.4382C9.96517 7.48371 9.97487 7.53249 9.97487 7.58175C9.97487 7.63101 9.96517 7.67979 9.94632 7.7253C9.92746 7.77081 9.89983 7.81217 9.865 7.847C9.83017 7.88183 9.78881 7.90946 9.7433 7.92832C9.69779 7.94717 9.64901 7.95687 9.59975 7.95687C9.55049 7.95687 9.50171 7.94717 9.4562 7.92832C9.41069 7.90946 9.36933 7.88183 9.3345 7.847L7.737 6.25H6.25V7.737L7.847 9.334C7.91324 9.40509 7.9493 9.49911 7.94759 9.59626C7.94587 9.69341 7.90652 9.7861 7.83781 9.85481C7.7691 9.92352 7.67641 9.96287 7.57926 9.96459C7.48211 9.9663 7.38809 9.93024 7.317 9.864L6.25 8.798V10.3755C6.25 10.475 6.21049 10.5703 6.14016 10.6407C6.06984 10.711 5.97446 10.7505 5.875 10.7505C5.77554 10.7505 5.68016 10.711 5.60984 10.6407C5.53951 10.5703 5.5 10.475 5.5 10.3755V8.798L4.4335 9.865C4.39867 9.89983 4.35731 9.92746 4.3118 9.94632C4.26629 9.96517 4.21751 9.97487 4.16825 9.97487C4.11899 9.97487 4.07021 9.96517 4.0247 9.94632C3.97919 9.92746 3.93783 9.89983 3.903 9.865C3.86817 9.83017 3.84054 9.78881 3.82168 9.7433C3.80283 9.69779 3.79313 9.64901 3.79313 9.59975C3.79313 9.55049 3.80283 9.50171 3.82168 9.4562C3.84054 9.41069 3.86817 9.36933 3.903 9.3345L5.5 7.737V6.25H4.013L2.416 7.847C2.34491 7.91324 2.25089 7.9493 2.15374 7.94759C2.05659 7.94587 1.9639 7.90652 1.89519 7.83781C1.82648 7.7691 1.78713 7.67641 1.78541 7.57926C1.7837 7.48211 1.81976 7.38809 1.886 7.317L2.952 6.25H1.375C1.27554 6.25 1.18016 6.21049 1.10983 6.14016C1.03951 6.06984 1 5.97446 1 5.875C1 5.77554 1.03951 5.68016 1.10983 5.60984C1.18016 5.53951 1.27554 5.5 1.375 5.5H2.9525L1.885 4.4335C1.81465 4.36315 1.77513 4.26774 1.77513 4.16825C1.77513 4.06876 1.81465 3.97335 1.885 3.903C1.95535 3.83265 2.05076 3.79313 2.15025 3.79313C2.24974 3.79313 2.34515 3.83265 2.4155 3.903L4.013 5.5H5.5V4.013L3.903 2.416C3.86616 2.38167 3.83661 2.34027 3.81611 2.29427C3.79561 2.24827 3.78459 2.19861 3.7837 2.14826C3.78282 2.09791 3.79208 2.0479 3.81094 2.0012C3.8298 1.95451 3.85787 1.91209 3.89348 1.87648C3.92909 1.84087 3.97151 1.8128 4.0182 1.79394C4.0649 1.77508 4.11491 1.76582 4.16526 1.7667C4.21561 1.76759 4.26527 1.77861 4.31127 1.79911C4.35727 1.81961 4.39867 1.84916 4.433 1.886L5.5 2.952V1.375C5.5 1.27554 5.53951 1.18016 5.60984 1.10983C5.68016 1.03951 5.77554 1 5.875 1Z" fill="#318CF7"></path></svg></span><span class="txt_box" style="color:#318CF7">냉동</span></li><li class="category_info flex_all_center gap_2"><span class="txt_box">수입소</span><span class="dp_i_flex svg_box "><svg xmlns="http://www.w3.org/2000/svg" width="8" height="8" viewBox="0 0 12 12" fill="none"><path d="M4.14678 2.14652C4.05305 2.24028 4.00039 2.36743 4.00039 2.50002C4.00039 2.6326 4.05305 2.75975 4.14678 2.85352L7.29328 6.00002L4.14678 9.14651C4.09903 9.19264 4.06094 9.24781 4.03473 9.30881C4.00853 9.36981 3.99474 9.43543 3.99416 9.50181C3.99358 9.5682 4.00623 9.63404 4.03137 9.69549C4.05651 9.75694 4.09364 9.81277 4.14059 9.85971C4.18753 9.90666 4.24336 9.94379 4.30481 9.96893C4.36626 9.99407 4.4321 10.0067 4.49849 10.0061C4.56487 10.0056 4.63048 9.99177 4.69149 9.96557C4.75249 9.93936 4.80766 9.90127 4.85378 9.85352L8.35379 6.35352C8.44752 6.25975 8.50018 6.1326 8.50018 6.00002C8.50018 5.86743 8.44752 5.74028 8.35379 5.64652L4.85378 2.14652C4.76002 2.05278 4.63287 2.00012 4.50028 2.00012C4.3677 2.00012 4.24055 2.05278 4.14678 2.14652Z" fill="#BABEC4"></path></svg></span><span class="txt_box">세절&amp;분쇄</span></li></ul><p class="product_name">[소량/큐브] 부채살20mm - 미국 | 스위프트 - 초이스</p><span class="sample_grey_text">찹스테이크용 3kg(1kg*3ea)</span><div class="price_wrap"><span class="price_info"><em>57,000원</em></span><span class="price_unit">100g당 1,900원 | 총 3,000g</span></div><div class="txt_label_wrap"><span class="txt_area_label label--warm"><span class="label__text">택배</span></span></div><ul class="rating_wrap"><li><span class="txt_box">재고 <!-- -->16</span></li></ul></div></div></div></div><div class="swiper-slide"><div class="bgInherit" style="cursor:pointer"><div role="button" class="product_card type1 stack_vertical false"><div class="img_wrap"><div class="bg_wrap"><p class="absolute_full"><img alt="상품_섬네일_이미지" loading="lazy" width="500" height="500" decoding="async" data-nimg="1" class="full_image" style="color:transparent" src="https://img-cdn.meatbox.co.kr/m/images/itemImage/2025/04/04/17/55/mo_thumb_productThumbnail_139751_20250404175537.jpg"/></p><div class="label_area" style="cursor:pointer"><div class="none_style_btn cart_button"><button class="clear_button " type="button"><div class="p_relative util_item"><span class="dp_i_flex svg_box "><svg width="32" height="32" viewBox="0 0 32 32" fill="none" xmlns="http://www.w3.org/2000/svg"><path d="M0 16C0 7.16344 7.16344 0 16 0C24.8366 0 32 7.16344 32 16C32 24.8366 24.8366 32 16 32C7.16344 32 0 24.8366 0 16Z" fill="#232221" fill-opacity="0.5"></path><path fill-rule="evenodd" clip-rule="evenodd" d="M8.32286 7.90084C8.65386 7.80292 9.00157 7.99187 9.09949 8.32286L9.55871 9.87516H21.7702C23.3041 9.87516 24.4742 11.305 24.0321 12.8005L22.6537 17.4672C22.359 18.4613 21.4274 19.1252 20.3918 19.1252H12.7602C11.7241 19.1252 10.7914 18.4613 10.4975 17.4674L7.90084 8.67746C7.80292 8.34647 7.99187 7.99876 8.32286 7.90084ZM9.92806 11.1252L11.6962 17.1129C11.8256 17.5507 12.2513 17.8752 12.7602 17.8752H20.3918C20.8994 17.8752 21.3246 17.5519 21.455 17.1129L22.8333 12.4465C23.0209 11.8121 22.5328 11.1252 21.7702 11.1252H9.92806ZM11.7577 20.9243C12.1093 20.5727 12.5862 20.3752 13.0835 20.3752C13.5808 20.3752 14.0577 20.5727 14.4093 20.9243C14.761 21.276 14.9585 21.7529 14.9585 22.2502C14.9585 22.7474 14.761 23.2244 14.4093 23.576C14.0577 23.9276 13.5808 24.1252 13.0835 24.1252C12.5862 24.1252 12.1093 23.9276 11.7577 23.576C11.406 23.2244 11.2085 22.7474 11.2085 22.2502C11.2085 21.7529 11.406 21.276 11.7577 20.9243ZM13.0835 21.6252C12.9177 21.6252 12.7588 21.691 12.6416 21.8082C12.5243 21.9254 12.4585 22.0844 12.4585 22.2502C12.4585 22.4159 12.5243 22.5749 12.6416 22.6921C12.7588 22.8093 12.9177 22.8752 13.0835 22.8752C13.2493 22.8752 13.4082 22.8093 13.5254 22.6921C13.6426 22.5749 13.7085 22.4159 13.7085 22.2502C13.7085 22.0844 13.6426 21.9254 13.5254 21.8082C13.4082 21.691 13.2493 21.6252 13.0835 21.6252ZM18.4243 20.9243C18.776 20.5727 19.2529 20.3752 19.7502 20.3752C20.2474 20.3752 20.7244 20.5727 21.076 20.9243C21.4276 21.276 21.6252 21.7529 21.6252 22.2502C21.6252 22.7474 21.4276 23.2244 21.076 23.576C20.7244 23.9276 20.2474 24.1252 19.7502 24.1252C19.2529 24.1252 18.776 23.9276 18.4243 23.576C18.0727 23.2244 17.8752 22.7474 17.8752 22.2502C17.8752 21.7529 18.0727 21.276 18.4243 20.9243ZM19.7502 21.6252C19.5844 21.6252 19.4254 21.691 19.3082 21.8082C19.191 21.9254 19.1252 22.0844 19.1252 22.2502C19.1252 22.4159 19.191 22.5749 19.3082 22.6921C19.4254 22.8093 19.5844 22.8752 19.7502 22.8752C19.9159 22.8752 20.0749 22.8093 20.1921 22.6921C20.3093 22.5749 20.3752 22.4159 20.3752 22.2502C20.3752 22.0844 20.3093 21.9254 20.1921 21.8082C20.0749 21.691 19.9159 21.6252 19.7502 21.6252Z" fill="white"></path></svg></span></div><span class="txt_box sr-only">장바구니버튼</span></button></div></div></div></div><div class="txt_wrap mt_8" style="overflow:hidden"><div class="flex_side"><button class="none_style_btn btn_brand_name"><span class="txt_box">스위프트</span></button><ul class="icon_list"><li class="tooltip_area p_relative swiper-no-swiping"><div id="__MoreInfoButton__"><button class="none_style_btn"><span class="dp_i_flex svg_box "><svg width="16" height="16" viewBox="0 0 16 17" fill="none" xmlns="http://www.w3.org/2000/svg"><path d="M8.00001 5.66671C7.8468 5.66671 7.69509 5.63653 7.55355 5.5779C7.412 5.51927 7.28339 5.43333 7.17505 5.325C7.06672 5.21666 6.98078 5.08805 6.92215 4.9465C6.86352 4.80496 6.83334 4.65325 6.83334 4.50004C6.83334 4.34683 6.86352 4.19512 6.92215 4.05358C6.98078 3.91203 7.06672 3.78342 7.17505 3.67508C7.28339 3.56675 7.412 3.48081 7.55355 3.42218C7.69509 3.36355 7.8468 3.33337 8.00001 3.33337C8.30943 3.33337 8.60618 3.45629 8.82497 3.67508C9.04376 3.89388 9.16668 4.19062 9.16668 4.50004C9.16668 4.80946 9.04376 5.10621 8.82497 5.325C8.60618 5.54379 8.30943 5.66671 8.00001 5.66671ZM8.00001 9.66671C7.69059 9.66671 7.39384 9.54379 7.17505 9.325C6.95626 9.10621 6.83334 8.80946 6.83334 8.50004C6.83334 8.19062 6.95626 7.89388 7.17505 7.67508C7.39384 7.45629 7.69059 7.33337 8.00001 7.33337C8.30943 7.33337 8.60618 7.45629 8.82497 7.67508C9.04376 7.89388 9.16668 8.19062 9.16668 8.50004C9.16668 8.80946 9.04376 9.10621 8.82497 9.325C8.60618 9.54379 8.30943 9.66671 8.00001 9.66671ZM6.83334 12.5C6.83334 12.8095 6.95626 13.1062 7.17505 13.325C7.39384 13.5438 7.69059 13.6667 8.00001 13.6667C8.30943 13.6667 8.60618 13.5438 8.82497 13.325C9.04376 13.1062 9.16668 12.8095 9.16668 12.5C9.16668 12.1906 9.04376 11.8939 8.82497 11.6751C8.60618 11.4563 8.30943 11.3334 8.00001 11.3334C7.69059 11.3334 7.39384 11.4563 7.17505 11.6751C6.95626 11.8939 6.83334 12.1906 6.83334 12.5Z" fill="#232221"></path></svg></span></button></div></li></ul></div><ul class="category_wrap"><li class="category_info storage_type"><span class="dp_i_flex svg_box "><svg width="12" height="12" viewBox="0 0 12 12" fill="none" xmlns="http://www.w3.org/2000/svg"><path d="M5.875 1C5.97446 1 6.06984 1.03951 6.14016 1.10983C6.21049 1.18016 6.25 1.27554 6.25 1.375V2.9525L7.3165 1.8855C7.35133 1.85067 7.39269 1.82304 7.4382 1.80418C7.48371 1.78533 7.53249 1.77563 7.58175 1.77563C7.63101 1.77563 7.67979 1.78533 7.7253 1.80418C7.77081 1.82304 7.81217 1.85067 7.847 1.8855C7.88183 1.92033 7.90946 1.96169 7.92832 2.0072C7.94717 2.05271 7.95687 2.10149 7.95687 2.15075C7.95687 2.20001 7.94717 2.24879 7.92832 2.2943C7.90946 2.33981 7.88183 2.38117 7.847 2.416L6.25 4.013V5.5H7.737L9.334 3.903C9.40509 3.83676 9.49911 3.8007 9.59626 3.80241C9.69341 3.80413 9.7861 3.84348 9.85481 3.91219C9.92352 3.9809 9.96287 4.07359 9.96459 4.17074C9.9663 4.26789 9.93024 4.36191 9.864 4.433L8.798 5.5H10.3755C10.475 5.5 10.5703 5.53951 10.6407 5.60984C10.711 5.68016 10.7505 5.77554 10.7505 5.875C10.7505 5.97446 10.711 6.06984 10.6407 6.14016C10.5703 6.21049 10.475 6.25 10.3755 6.25H8.798L9.865 7.3165C9.89983 7.35133 9.92746 7.39269 9.94632 7.4382C9.96517 7.48371 9.97487 7.53249 9.97487 7.58175C9.97487 7.63101 9.96517 7.67979 9.94632 7.7253C9.92746 7.77081 9.89983 7.81217 9.865 7.847C9.83017 7.88183 9.78881 7.90946 9.7433 7.92832C9.69779 7.94717 9.64901 7.95687 9.59975 7.95687C9.55049 7.95687 9.50171 7.94717 9.4562 7.92832C9.41069 7.90946 9.36933 7.88183 9.3345 7.847L7.737 6.25H6.25V7.737L7.847 9.334C7.91324 9.40509 7.9493 9.49911 7.94759 9.59626C7.94587 9.69341 7.90652 9.7861 7.83781 9.85481C7.7691 9.92352 7.67641 9.96287 7.57926 9.96459C7.48211 9.9663 7.38809 9.93024 7.317 9.864L6.25 8.798V10.3755C6.25 10.475 6.21049 10.5703 6.14016 10.6407C6.06984 10.711 5.97446 10.7505 5.875 10.7505C5.77554 10.7505 5.68016 10.711 5.60984 10.6407C5.53951 10.5703 5.5 10.475 5.5 10.3755V8.798L4.4335 9.865C4.39867 9.89983 4.35731 9.92746 4.3118 9.94632C4.26629 9.96517 4.21751 9.97487 4.16825 9.97487C4.11899 9.97487 4.07021 9.96517 4.0247 9.94632C3.97919 9.92746 3.93783 9.89983 3.903 9.865C3.86817 9.83017 3.84054 9.78881 3.82168 9.7433C3.80283 9.69779 3.79313 9.64901 3.79313 9.59975C3.79313 9.55049 3.80283 9.50171 3.82168 9.4562C3.84054 9.41069 3.86817 9.36933 3.903 9.3345L5.5 7.737V6.25H4.013L2.416 7.847C2.34491 7.91324 2.25089 7.9493 2.15374 7.94759C2.05659 7.94587 1.9639 7.90652 1.89519 7.83781C1.82648 7.7691 1.78713 7.67641 1.78541 7.57926C1.7837 7.48211 1.81976 7.38809 1.886 7.317L2.952 6.25H1.375C1.27554 6.25 1.18016 6.21049 1.10983 6.14016C1.03951 6.06984 1 5.97446 1 5.875C1 5.77554 1.03951 5.68016 1.10983 5.60984C1.18016 5.53951 1.27554 5.5 1.375 5.5H2.9525L1.885 4.4335C1.81465 4.36315 1.77513 4.26774 1.77513 4.16825C1.77513 4.06876 1.81465 3.97335 1.885 3.903C1.95535 3.83265 2.05076 3.79313 2.15025 3.79313C2.24974 3.79313 2.34515 3.83265 2.4155 3.903L4.013 5.5H5.5V4.013L3.903 2.416C3.86616 2.38167 3.83661 2.34027 3.81611 2.29427C3.79561 2.24827 3.78459 2.19861 3.7837 2.14826C3.78282 2.09791 3.79208 2.0479 3.81094 2.0012C3.8298 1.95451 3.85787 1.91209 3.89348 1.87648C3.92909 1.84087 3.97151 1.8128 4.0182 1.79394C4.0649 1.77508 4.11491 1.76582 4.16526 1.7667C4.21561 1.76759 4.26527 1.77861 4.31127 1.79911C4.35727 1.81961 4.39867 1.84916 4.433 1.886L5.5 2.952V1.375C5.5 1.27554 5.53951 1.18016 5.60984 1.10983C5.68016 1.03951 5.77554 1 5.875 1Z" fill="#318CF7"></path></svg></span><span class="txt_box" style="color:#318CF7">냉동</span></li><li class="category_info flex_all_center gap_2"><span class="txt_box">수입소</span><span class="dp_i_flex svg_box "><svg xmlns="http://www.w3.org/2000/svg" width="8" height="8" viewBox="0 0 12 12" fill="none"><path d="M4.14678 2.14652C4.05305 2.24028 4.00039 2.36743 4.00039 2.50002C4.00039 2.6326 4.05305 2.75975 4.14678 2.85352L7.29328 6.00002L4.14678 9.14651C4.09903 9.19264 4.06094 9.24781 4.03473 9.30881C4.00853 9.36981 3.99474 9.43543 3.99416 9.50181C3.99358 9.5682 4.00623 9.63404 4.03137 9.69549C4.05651 9.75694 4.09364 9.81277 4.14059 9.85971C4.18753 9.90666 4.24336 9.94379 4.30481 9.96893C4.36626 9.99407 4.4321 10.0067 4.49849 10.0061C4.56487 10.0056 4.63048 9.99177 4.69149 9.96557C4.75249 9.93936 4.80766 9.90127 4.85378 9.85352L8.35379 6.35352C8.44752 6.25975 8.50018 6.1326 8.50018 6.00002C8.50018 5.86743 8.44752 5.74028 8.35379 5.64652L4.85378 2.14652C4.76002 2.05278 4.63287 2.00012 4.50028 2.00012C4.3677 2.00012 4.24055 2.05278 4.14678 2.14652Z" fill="#BABEC4"></path></svg></span><span class="txt_box">세절&amp;분쇄</span></li></ul><p class="product_name">[업소용/큐브] 부채살20mm - 미국 | 스위프트 - 초이스</p><span class="sample_grey_text">찹스테이크용 6kg(1kg*6ea)</span><div class="price_wrap"><span class="price_info"><em>110,940원</em></span><span class="price_unit">kg당 18,490원 | 총 6kg</span></div><div class="txt_label_wrap"><span class="txt_area_label label--warm"><span class="label__text">택배</span></span></div><ul class="rating_wrap"><li><span class="txt_box">재고 <!-- -->6</span></li></ul></div></div></div></div><div class="swiper-slide"><div class="bgInherit" style="cursor:pointer"><div role="button" class="product_card type1 stack_vertical false"><div class="img_wrap"><div class="bg_wrap"><p class="absolute_full"><img alt="상품_섬네일_이미지" loading="lazy" width="500" height="500" decoding="async" data-nimg="1" class="full_image" style="color:transparent" src="https://img-cdn.meatbox.co.kr/m/images/itemImage/2025/04/04/17/54/mo_thumb_productThumbnail_139751_20250404175437.jpg"/></p><div class="label_area" style="cursor:pointer"><div class="none_style_btn cart_button"><button class="clear_button " type="button"><div class="p_relative util_item"><span class="dp_i_flex svg_box "><svg width="32" height="32" viewBox="0 0 32 32" fill="none" xmlns="http://www.w3.org/2000/svg"><path d="M0 16C0 7.16344 7.16344 0 16 0C24.8366 0 32 7.16344 32 16C32 24.8366 24.8366 32 16 32C7.16344 32 0 24.8366 0 16Z" fill="#232221" fill-opacity="0.5"></path><path fill-rule="evenodd" clip-rule="evenodd" d="M8.32286 7.90084C8.65386 7.80292 9.00157 7.99187 9.09949 8.32286L9.55871 9.87516H21.7702C23.3041 9.87516 24.4742 11.305 24.0321 12.8005L22.6537 17.4672C22.359 18.4613 21.4274 19.1252 20.3918 19.1252H12.7602C11.7241 19.1252 10.7914 18.4613 10.4975 17.4674L7.90084 8.67746C7.80292 8.34647 7.99187 7.99876 8.32286 7.90084ZM9.92806 11.1252L11.6962 17.1129C11.8256 17.5507 12.2513 17.8752 12.7602 17.8752H20.3918C20.8994 17.8752 21.3246 17.5519 21.455 17.1129L22.8333 12.4465C23.0209 11.8121 22.5328 11.1252 21.7702 11.1252H9.92806ZM11.7577 20.9243C12.1093 20.5727 12.5862 20.3752 13.0835 20.3752C13.5808 20.3752 14.0577 20.5727 14.4093 20.9243C14.761 21.276 14.9585 21.7529 14.9585 22.2502C14.9585 22.7474 14.761 23.2244 14.4093 23.576C14.0577 23.9276 13.5808 24.1252 13.0835 24.1252C12.5862 24.1252 12.1093 23.9276 11.7577 23.576C11.406 23.2244 11.2085 22.7474 11.2085 22.2502C11.2085 21.7529 11.406 21.276 11.7577 20.9243ZM13.0835 21.6252C12.9177 21.6252 12.7588 21.691 12.6416 21.8082C12.5243 21.9254 12.4585 22.0844 12.4585 22.2502C12.4585 22.4159 12.5243 22.5749 12.6416 22.6921C12.7588 22.8093 12.9177 22.8752 13.0835 22.8752C13.2493 22.8752 13.4082 22.8093 13.5254 22.6921C13.6426 22.5749 13.7085 22.4159 13.7085 22.2502C13.7085 22.0844 13.6426 21.9254 13.5254 21.8082C13.4082 21.691 13.2493 21.6252 13.0835 21.6252ZM18.4243 20.9243C18.776 20.5727 19.2529 20.3752 19.7502 20.3752C20.2474 20.3752 20.7244 20.5727 21.076 20.9243C21.4276 21.276 21.6252 21.7529 21.6252 22.2502C21.6252 22.7474 21.4276 23.2244 21.076 23.576C20.7244 23.9276 20.2474 24.1252 19.7502 24.1252C19.2529 24.1252 18.776 23.9276 18.4243 23.576C18.0727 23.2244 17.8752 22.7474 17.8752 22.2502C17.8752 21.7529 18.0727 21.276 18.4243 20.9243ZM19.7502 21.6252C19.5844 21.6252 19.4254 21.691 19.3082 21.8082C19.191 21.9254 19.1252 22.0844 19.1252 22.2502C19.1252 22.4159 19.191 22.5749 19.3082 22.6921C19.4254 22.8093 19.5844 22.8752 19.7502 22.8752C19.9159 22.8752 20.0749 22.8093 20.1921 22.6921C20.3093 22.5749 20.3752 22.4159 20.3752 22.2502C20.3752 22.0844 20.3093 21.9254 20.1921 21.8082C20.0749 21.691 19.9159 21.6252 19.7502 21.6252Z" fill="white"></path></svg></span></div><span class="txt_box sr-only">장바구니버튼</span></button></div></div></div></div><div class="txt_wrap mt_8" style="overflow:hidden"><div class="flex_side"><button class="none_style_btn btn_brand_name"><span class="txt_box">스위프트</span></button><ul class="icon_list"><li class="tooltip_area p_relative swiper-no-swiping"><div id="__MoreInfoButton__"><button class="none_style_btn"><span class="dp_i_flex svg_box "><svg width="16" height="16" viewBox="0 0 16 17" fill="none" xmlns="http://www.w3.org/2000/svg"><path d="M8.00001 5.66671C7.8468 5.66671 7.69509 5.63653 7.55355 5.5779C7.412 5.51927 7.28339 5.43333 7.17505 5.325C7.06672 5.21666 6.98078 5.08805 6.92215 4.9465C6.86352 4.80496 6.83334 4.65325 6.83334 4.50004C6.83334 4.34683 6.86352 4.19512 6.92215 4.05358C6.98078 3.91203 7.06672 3.78342 7.17505 3.67508C7.28339 3.56675 7.412 3.48081 7.55355 3.42218C7.69509 3.36355 7.8468 3.33337 8.00001 3.33337C8.30943 3.33337 8.60618 3.45629 8.82497 3.67508C9.04376 3.89388 9.16668 4.19062 9.16668 4.50004C9.16668 4.80946 9.04376 5.10621 8.82497 5.325C8.60618 5.54379 8.30943 5.66671 8.00001 5.66671ZM8.00001 9.66671C7.69059 9.66671 7.39384 9.54379 7.17505 9.325C6.95626 9.10621 6.83334 8.80946 6.83334 8.50004C6.83334 8.19062 6.95626 7.89388 7.17505 7.67508C7.39384 7.45629 7.69059 7.33337 8.00001 7.33337C8.30943 7.33337 8.60618 7.45629 8.82497 7.67508C9.04376 7.89388 9.16668 8.19062 9.16668 8.50004C9.16668 8.80946 9.04376 9.10621 8.82497 9.325C8.60618 9.54379 8.30943 9.66671 8.00001 9.66671ZM6.83334 12.5C6.83334 12.8095 6.95626 13.1062 7.17505 13.325C7.39384 13.5438 7.69059 13.6667 8.00001 13.6667C8.30943 13.6667 8.60618 13.5438 8.82497 13.325C9.04376 13.1062 9.16668 12.8095 9.16668 12.5C9.16668 12.1906 9.04376 11.8939 8.82497 11.6751C8.60618 11.4563 8.30943 11.3334 8.00001 11.3334C7.69059 11.3334 7.39384 11.4563 7.17505 11.6751C6.95626 11.8939 6.83334 12.1906 6.83334 12.5Z" fill="#232221"></path></svg></span></button></div></li></ul></div><ul class="category_wrap"><li class="category_info storage_type"><span class="dp_i_flex svg_box "><svg width="12" height="12" viewBox="0 0 12 12" fill="none" xmlns="http://www.w3.org/2000/svg"><path d="M5.875 1C5.97446 1 6.06984 1.03951 6.14016 1.10983C6.21049 1.18016 6.25 1.27554 6.25 1.375V2.9525L7.3165 1.8855C7.35133 1.85067 7.39269 1.82304 7.4382 1.80418C7.48371 1.78533 7.53249 1.77563 7.58175 1.77563C7.63101 1.77563 7.67979 1.78533 7.7253 1.80418C7.77081 1.82304 7.81217 1.85067 7.847 1.8855C7.88183 1.92033 7.90946 1.96169 7.92832 2.0072C7.94717 2.05271 7.95687 2.10149 7.95687 2.15075C7.95687 2.20001 7.94717 2.24879 7.92832 2.2943C7.90946 2.33981 7.88183 2.38117 7.847 2.416L6.25 4.013V5.5H7.737L9.334 3.903C9.40509 3.83676 9.49911 3.8007 9.59626 3.80241C9.69341 3.80413 9.7861 3.84348 9.85481 3.91219C9.92352 3.9809 9.96287 4.07359 9.96459 4.17074C9.9663 4.26789 9.93024 4.36191 9.864 4.433L8.798 5.5H10.3755C10.475 5.5 10.5703 5.53951 10.6407 5.60984C10.711 5.68016 10.7505 5.77554 10.7505 5.875C10.7505 5.97446 10.711 6.06984 10.6407 6.14016C10.5703 6.21049 10.475 6.25 10.3755 6.25H8.798L9.865 7.3165C9.89983 7.35133 9.92746 7.39269 9.94632 7.4382C9.96517 7.48371 9.97487 7.53249 9.97487 7.58175C9.97487 7.63101 9.96517 7.67979 9.94632 7.7253C9.92746 7.77081 9.89983 7.81217 9.865 7.847C9.83017 7.88183 9.78881 7.90946 9.7433 7.92832C9.69779 7.94717 9.64901 7.95687 9.59975 7.95687C9.55049 7.95687 9.50171 7.94717 9.4562 7.92832C9.41069 7.90946 9.36933 7.88183 9.3345 7.847L7.737 6.25H6.25V7.737L7.847 9.334C7.91324 9.40509 7.9493 9.49911 7.94759 9.59626C7.94587 9.69341 7.90652 9.7861 7.83781 9.85481C7.7691 9.92352 7.67641 9.96287 7.57926 9.96459C7.48211 9.9663 7.38809 9.93024 7.317 9.864L6.25 8.798V10.3755C6.25 10.475 6.21049 10.5703 6.14016 10.6407C6.06984 10.711 5.97446 10.7505 5.875 10.7505C5.77554 10.7505 5.68016 10.711 5.60984 10.6407C5.53951 10.5703 5.5 10.475 5.5 10.3755V8.798L4.4335 9.865C4.39867 9.89983 4.35731 9.92746 4.3118 9.94632C4.26629 9.96517 4.21751 9.97487 4.16825 9.97487C4.11899 9.97487 4.07021 9.96517 4.0247 9.94632C3.97919 9.92746 3.93783 9.89983 3.903 9.865C3.86817 9.83017 3.84054 9.78881 3.82168 9.7433C3.80283 9.69779 3.79313 9.64901 3.79313 9.59975C3.79313 9.55049 3.80283 9.50171 3.82168 9.4562C3.84054 9.41069 3.86817 9.36933 3.903 9.3345L5.5 7.737V6.25H4.013L2.416 7.847C2.34491 7.91324 2.25089 7.9493 2.15374 7.94759C2.05659 7.94587 1.9639 7.90652 1.89519 7.83781C1.82648 7.7691 1.78713 7.67641 1.78541 7.57926C1.7837 7.48211 1.81976 7.38809 1.886 7.317L2.952 6.25H1.375C1.27554 6.25 1.18016 6.21049 1.10983 6.14016C1.03951 6.06984 1 5.97446 1 5.875C1 5.77554 1.03951 5.68016 1.10983 5.60984C1.18016 5.53951 1.27554 5.5 1.375 5.5H2.9525L1.885 4.4335C1.81465 4.36315 1.77513 4.26774 1.77513 4.16825C1.77513 4.06876 1.81465 3.97335 1.885 3.903C1.95535 3.83265 2.05076 3.79313 2.15025 3.79313C2.24974 3.79313 2.34515 3.83265 2.4155 3.903L4.013 5.5H5.5V4.013L3.903 2.416C3.86616 2.38167 3.83661 2.34027 3.81611 2.29427C3.79561 2.24827 3.78459 2.19861 3.7837 2.14826C3.78282 2.09791 3.79208 2.0479 3.81094 2.0012C3.8298 1.95451 3.85787 1.91209 3.89348 1.87648C3.92909 1.84087 3.97151 1.8128 4.0182 1.79394C4.0649 1.77508 4.11491 1.76582 4.16526 1.7667C4.21561 1.76759 4.26527 1.77861 4.31127 1.79911C4.35727 1.81961 4.39867 1.84916 4.433 1.886L5.5 2.952V1.375C5.5 1.27554 5.53951 1.18016 5.60984 1.10983C5.68016 1.03951 5.77554 1 5.875 1Z" fill="#318CF7"></path></svg></span><span class="txt_box" style="color:#318CF7">냉동</span></li><li class="category_info flex_all_center gap_2"><span class="txt_box">수입소</span><span class="dp_i_flex svg_box "><svg xmlns="http://www.w3.org/2000/svg" width="8" height="8" viewBox="0 0 12 12" fill="none"><path d="M4.14678 2.14652C4.05305 2.24028 4.00039 2.36743 4.00039 2.50002C4.00039 2.6326 4.05305 2.75975 4.14678 2.85352L7.29328 6.00002L4.14678 9.14651C4.09903 9.19264 4.06094 9.24781 4.03473 9.30881C4.00853 9.36981 3.99474 9.43543 3.99416 9.50181C3.99358 9.5682 4.00623 9.63404 4.03137 9.69549C4.05651 9.75694 4.09364 9.81277 4.14059 9.85971C4.18753 9.90666 4.24336 9.94379 4.30481 9.96893C4.36626 9.99407 4.4321 10.0067 4.49849 10.0061C4.56487 10.0056 4.63048 9.99177 4.69149 9.96557C4.75249 9.93936 4.80766 9.90127 4.85378 9.85352L8.35379 6.35352C8.44752 6.25975 8.50018 6.1326 8.50018 6.00002C8.50018 5.86743 8.44752 5.74028 8.35379 5.64652L4.85378 2.14652C4.76002 2.05278 4.63287 2.00012 4.50028 2.00012C4.3677 2.00012 4.24055 2.05278 4.14678 2.14652Z" fill="#BABEC4"></path></svg></span><span class="txt_box">세절&amp;분쇄</span></li></ul><p class="product_name">[업소용/큐브] 부채살20mm - 미국 | 스위프트 - 초이스</p><span class="sample_grey_text">찹스테이크용 10kg(1kg*10ea)</span><div class="price_wrap"><span class="price_info"><em>175,000원</em></span><span class="price_unit">kg당 17,500원 | 총 10kg</span></div><div class="txt_label_wrap"><span class="txt_area_label label--warm"><span class="label__text">택배</span></span></div><ul class="rating_wrap"><li><span class="txt_box">재고 <!-- -->9</span></li></ul></div></div></div></div><div class="swiper-slide"><div class="bgInherit" style="cursor:pointer"><div role="button" class="product_card type1 stack_vertical false"><div class="img_wrap"><div class="bg_wrap"><p class="absolute_full"><img alt="상품_섬네일_이미지" loading="lazy" width="500" height="500" decoding="async" data-nimg="1" class="full_image" style="color:transparent" src="https://img-cdn.meatbox.co.kr/m/images/itemImage/2025/04/03/14/36/mo_thumb_productThumbnail_139751_20250403143637.jpg"/></p><div class="label_area" style="cursor:pointer"><div class="balloon_label pink  "><span class="txt_box">품절 예정</span><span class="angle-pixel left_top"></span></div><div class="none_style_btn cart_button"><button class="clear_button " type="button"><div class="p_relative util_item"><span class="dp_i_flex svg_box "><svg width="32" height="32" viewBox="0 0 32 32" fill="none" xmlns="http://www.w3.org/2000/svg"><path d="M0 16C0 7.16344 7.16344 0 16 0C24.8366 0 32 7.16344 32 16C32 24.8366 24.8366 32 16 32C7.16344 32 0 24.8366 0 16Z" fill="#232221" fill-opacity="0.5"></path><path fill-rule="evenodd" clip-rule="evenodd" d="M8.32286 7.90084C8.65386 7.80292 9.00157 7.99187 9.09949 8.32286L9.55871 9.87516H21.7702C23.3041 9.87516 24.4742 11.305 24.0321 12.8005L22.6537 17.4672C22.359 18.4613 21.4274 19.1252 20.3918 19.1252H12.7602C11.7241 19.1252 10.7914 18.4613 10.4975 17.4674L7.90084 8.67746C7.80292 8.34647 7.99187 7.99876 8.32286 7.90084ZM9.92806 11.1252L11.6962 17.1129C11.8256 17.5507 12.2513 17.8752 12.7602 17.8752H20.3918C20.8994 17.8752 21.3246 17.5519 21.455 17.1129L22.8333 12.4465C23.0209 11.8121 22.5328 11.1252 21.7702 11.1252H9.92806ZM11.7577 20.9243C12.1093 20.5727 12.5862 20.3752 13.0835 20.3752C13.5808 20.3752 14.0577 20.5727 14.4093 20.9243C14.761 21.276 14.9585 21.7529 14.9585 22.2502C14.9585 22.7474 14.761 23.2244 14.4093 23.576C14.0577 23.9276 13.5808 24.1252 13.0835 24.1252C12.5862 24.1252 12.1093 23.9276 11.7577 23.576C11.406 23.2244 11.2085 22.7474 11.2085 22.2502C11.2085 21.7529 11.406 21.276 11.7577 20.9243ZM13.0835 21.6252C12.9177 21.6252 12.7588 21.691 12.6416 21.8082C12.5243 21.9254 12.4585 22.0844 12.4585 22.2502C12.4585 22.4159 12.5243 22.5749 12.6416 22.6921C12.7588 22.8093 12.9177 22.8752 13.0835 22.8752C13.2493 22.8752 13.4082 22.8093 13.5254 22.6921C13.6426 22.5749 13.7085 22.4159 13.7085 22.2502C13.7085 22.0844 13.6426 21.9254 13.5254 21.8082C13.4082 21.691 13.2493 21.6252 13.0835 21.6252ZM18.4243 20.9243C18.776 20.5727 19.2529 20.3752 19.7502 20.3752C20.2474 20.3752 20.7244 20.5727 21.076 20.9243C21.4276 21.276 21.6252 21.7529 21.6252 22.2502C21.6252 22.7474 21.4276 23.2244 21.076 23.576C20.7244 23.9276 20.2474 24.1252 19.7502 24.1252C19.2529 24.1252 18.776 23.9276 18.4243 23.576C18.0727 23.2244 17.8752 22.7474 17.8752 22.2502C17.8752 21.7529 18.0727 21.276 18.4243 20.9243ZM19.7502 21.6252C19.5844 21.6252 19.4254 21.691 19.3082 21.8082C19.191 21.9254 19.1252 22.0844 19.1252 22.2502C19.1252 22.4159 19.191 22.5749 19.3082 22.6921C19.4254 22.8093 19.5844 22.8752 19.7502 22.8752C19.9159 22.8752 20.0749 22.8093 20.1921 22.6921C20.3093 22.5749 20.3752 22.4159 20.3752 22.2502C20.3752 22.0844 20.3093 21.9254 20.1921 21.8082C20.0749 21.691 19.9159 21.6252 19.7502 21.6252Z" fill="white"></path></svg></span></div><span class="txt_box sr-only">장바구니버튼</span></button></div></div></div></div><div class="txt_wrap mt_8" style="overflow:hidden"><div class="flex_side"><button class="none_style_btn btn_brand_name"><span class="txt_box">GREENSTOCK/울워스</span></button><ul class="icon_list"><li class="tooltip_area p_relative swiper-no-swiping"><div id="__MoreInfoButton__"><button class="none_style_btn"><span class="dp_i_flex svg_box "><svg width="16" height="16" viewBox="0 0 16 17" fill="none" xmlns="http://www.w3.org/2000/svg"><path d="M8.00001 5.66671C7.8468 5.66671 7.69509 5.63653 7.55355 5.5779C7.412 5.51927 7.28339 5.43333 7.17505 5.325C7.06672 5.21666 6.98078 5.08805 6.92215 4.9465C6.86352 4.80496 6.83334 4.65325 6.83334 4.50004C6.83334 4.34683 6.86352 4.19512 6.92215 4.05358C6.98078 3.91203 7.06672 3.78342 7.17505 3.67508C7.28339 3.56675 7.412 3.48081 7.55355 3.42218C7.69509 3.36355 7.8468 3.33337 8.00001 3.33337C8.30943 3.33337 8.60618 3.45629 8.82497 3.67508C9.04376 3.89388 9.16668 4.19062 9.16668 4.50004C9.16668 4.80946 9.04376 5.10621 8.82497 5.325C8.60618 5.54379 8.30943 5.66671 8.00001 5.66671ZM8.00001 9.66671C7.69059 9.66671 7.39384 9.54379 7.17505 9.325C6.95626 9.10621 6.83334 8.80946 6.83334 8.50004C6.83334 8.19062 6.95626 7.89388 7.17505 7.67508C7.39384 7.45629 7.69059 7.33337 8.00001 7.33337C8.30943 7.33337 8.60618 7.45629 8.82497 7.67508C9.04376 7.89388 9.16668 8.19062 9.16668 8.50004C9.16668 8.80946 9.04376 9.10621 8.82497 9.325C8.60618 9.54379 8.30943 9.66671 8.00001 9.66671ZM6.83334 12.5C6.83334 12.8095 6.95626 13.1062 7.17505 13.325C7.39384 13.5438 7.69059 13.6667 8.00001 13.6667C8.30943 13.6667 8.60618 13.5438 8.82497 13.325C9.04376 13.1062 9.16668 12.8095 9.16668 12.5C9.16668 12.1906 9.04376 11.8939 8.82497 11.6751C8.60618 11.4563 8.30943 11.3334 8.00001 11.3334C7.69059 11.3334 7.39384 11.4563 7.17505 11.6751C6.95626 11.8939 6.83334 12.1906 6.83334 12.5Z" fill="#232221"></path></svg></span></button></div></li></ul></div><ul class="category_wrap"><li class="category_info storage_type"><span class="dp_i_flex svg_box "><svg width="12" height="12" viewBox="0 0 12 12" fill="none" xmlns="http://www.w3.org/2000/svg"><path d="M5.875 1C5.97446 1 6.06984 1.03951 6.14016 1.10983C6.21049 1.18016 6.25 1.27554 6.25 1.375V2.9525L7.3165 1.8855C7.35133 1.85067 7.39269 1.82304 7.4382 1.80418C7.48371 1.78533 7.53249 1.77563 7.58175 1.77563C7.63101 1.77563 7.67979 1.78533 7.7253 1.80418C7.77081 1.82304 7.81217 1.85067 7.847 1.8855C7.88183 1.92033 7.90946 1.96169 7.92832 2.0072C7.94717 2.05271 7.95687 2.10149 7.95687 2.15075C7.95687 2.20001 7.94717 2.24879 7.92832 2.2943C7.90946 2.33981 7.88183 2.38117 7.847 2.416L6.25 4.013V5.5H7.737L9.334 3.903C9.40509 3.83676 9.49911 3.8007 9.59626 3.80241C9.69341 3.80413 9.7861 3.84348 9.85481 3.91219C9.92352 3.9809 9.96287 4.07359 9.96459 4.17074C9.9663 4.26789 9.93024 4.36191 9.864 4.433L8.798 5.5H10.3755C10.475 5.5 10.5703 5.53951 10.6407 5.60984C10.711 5.68016 10.7505 5.77554 10.7505 5.875C10.7505 5.97446 10.711 6.06984 10.6407 6.14016C10.5703 6.21049 10.475 6.25 10.3755 6.25H8.798L9.865 7.3165C9.89983 7.35133 9.92746 7.39269 9.94632 7.4382C9.96517 7.48371 9.97487 7.53249 9.97487 7.58175C9.97487 7.63101 9.96517 7.67979 9.94632 7.7253C9.92746 7.77081 9.89983 7.81217 9.865 7.847C9.83017 7.88183 9.78881 7.90946 9.7433 7.92832C9.69779 7.94717 9.64901 7.95687 9.59975 7.95687C9.55049 7.95687 9.50171 7.94717 9.4562 7.92832C9.41069 7.90946 9.36933 7.88183 9.3345 7.847L7.737 6.25H6.25V7.737L7.847 9.334C7.91324 9.40509 7.9493 9.49911 7.94759 9.59626C7.94587 9.69341 7.90652 9.7861 7.83781 9.85481C7.7691 9.92352 7.67641 9.96287 7.57926 9.96459C7.48211 9.9663 7.38809 9.93024 7.317 9.864L6.25 8.798V10.3755C6.25 10.475 6.21049 10.5703 6.14016 10.6407C6.06984 10.711 5.97446 10.7505 5.875 10.7505C5.77554 10.7505 5.68016 10.711 5.60984 10.6407C5.53951 10.5703 5.5 10.475 5.5 10.3755V8.798L4.4335 9.865C4.39867 9.89983 4.35731 9.92746 4.3118 9.94632C4.26629 9.96517 4.21751 9.97487 4.16825 9.97487C4.11899 9.97487 4.07021 9.96517 4.0247 9.94632C3.97919 9.92746 3.93783 9.89983 3.903 9.865C3.86817 9.83017 3.84054 9.78881 3.82168 9.7433C3.80283 9.69779 3.79313 9.64901 3.79313 9.59975C3.79313 9.55049 3.80283 9.50171 3.82168 9.4562C3.84054 9.41069 3.86817 9.36933 3.903 9.3345L5.5 7.737V6.25H4.013L2.416 7.847C2.34491 7.91324 2.25089 7.9493 2.15374 7.94759C2.05659 7.94587 1.9639 7.90652 1.89519 7.83781C1.82648 7.7691 1.78713 7.67641 1.78541 7.57926C1.7837 7.48211 1.81976 7.38809 1.886 7.317L2.952 6.25H1.375C1.27554 6.25 1.18016 6.21049 1.10983 6.14016C1.03951 6.06984 1 5.97446 1 5.875C1 5.77554 1.03951 5.68016 1.10983 5.60984C1.18016 5.53951 1.27554 5.5 1.375 5.5H2.9525L1.885 4.4335C1.81465 4.36315 1.77513 4.26774 1.77513 4.16825C1.77513 4.06876 1.81465 3.97335 1.885 3.903C1.95535 3.83265 2.05076 3.79313 2.15025 3.79313C2.24974 3.79313 2.34515 3.83265 2.4155 3.903L4.013 5.5H5.5V4.013L3.903 2.416C3.86616 2.38167 3.83661 2.34027 3.81611 2.29427C3.79561 2.24827 3.78459 2.19861 3.7837 2.14826C3.78282 2.09791 3.79208 2.0479 3.81094 2.0012C3.8298 1.95451 3.85787 1.91209 3.89348 1.87648C3.92909 1.84087 3.97151 1.8128 4.0182 1.79394C4.0649 1.77508 4.11491 1.76582 4.16526 1.7667C4.21561 1.76759 4.26527 1.77861 4.31127 1.79911C4.35727 1.81961 4.39867 1.84916 4.433 1.886L5.5 2.952V1.375C5.5 1.27554 5.53951 1.18016 5.60984 1.10983C5.68016 1.03951 5.77554 1 5.875 1Z" fill="#318CF7"></path></svg></span><span class="txt_box" style="color:#318CF7">냉동</span></li><li class="category_info flex_all_center gap_2"><span class="txt_box">수입소</span><span class="dp_i_flex svg_box "><svg xmlns="http://www.w3.org/2000/svg" width="8" height="8" viewBox="0 0 12 12" fill="none"><path d="M4.14678 2.14652C4.05305 2.24028 4.00039 2.36743 4.00039 2.50002C4.00039 2.6326 4.05305 2.75975 4.14678 2.85352L7.29328 6.00002L4.14678 9.14651C4.09903 9.19264 4.06094 9.24781 4.03473 9.30881C4.00853 9.36981 3.99474 9.43543 3.99416 9.50181C3.99358 9.5682 4.00623 9.63404 4.03137 9.69549C4.05651 9.75694 4.09364 9.81277 4.14059 9.85971C4.18753 9.90666 4.24336 9.94379 4.30481 9.96893C4.36626 9.99407 4.4321 10.0067 4.49849 10.0061C4.56487 10.0056 4.63048 9.99177 4.69149 9.96557C4.75249 9.93936 4.80766 9.90127 4.85378 9.85352L8.35379 6.35352C8.44752 6.25975 8.50018 6.1326 8.50018 6.00002C8.50018 5.86743 8.44752 5.74028 8.35379 5.64652L4.85378 2.14652C4.76002 2.05278 4.63287 2.00012 4.50028 2.00012C4.3677 2.00012 4.24055 2.05278 4.14678 2.14652Z" fill="#BABEC4"></path></svg></span><span class="txt_box">세절&amp;분쇄</span></li></ul><p class="product_name">[업소용/절단] 목뼈 - 호주 | GREENSTOCK/울워스 - S</p><span class="sample_grey_text">해장국,탕용20kg (20mm~40mm)</span><div class="price_wrap"><span class="price_info"><em>108,000원</em></span><span class="price_unit">kg당 5,400원 | 총 20kg</span></div><div class="txt_label_wrap"><span class="txt_area_label label--freshPack"><span class="label__text">신선배송</span></span></div><ul class="rating_wrap"><li><span class="txt_box">재고 <!-- -->4</span></li></ul></div></div></div></div><div class="swiper-slide"><div class="bgInherit" style="cursor:pointer"><div role="button" class="product_card type1 stack_vertical false"><div class="img_wrap"><div class="bg_wrap"><p class="absolute_full"><img alt="상품_섬네일_이미지" loading="lazy" width="500" height="500" decoding="async" data-nimg="1" class="full_image" style="color:transparent" src="https://img-cdn.meatbox.co.kr/m/images/itemImage/2025/04/02/14/38/mo_thumb_productThumbnail_139751_20250402143825.jpg"/></p><div class="label_area" style="cursor:pointer"><div class="none_style_btn cart_button"><button class="clear_button " type="button"><div class="p_relative util_item"><span class="dp_i_flex svg_box "><svg width="32" height="32" viewBox="0 0 32 32" fill="none" xmlns="http://www.w3.org/2000/svg"><path d="M0 16C0 7.16344 7.16344 0 16 0C24.8366 0 32 7.16344 32 16C32 24.8366 24.8366 32 16 32C7.16344 32 0 24.8366 0 16Z" fill="#232221" fill-opacity="0.5"></path><path fill-rule="evenodd" clip-rule="evenodd" d="M8.32286 7.90084C8.65386 7.80292 9.00157 7.99187 9.09949 8.32286L9.55871 9.87516H21.7702C23.3041 9.87516 24.4742 11.305 24.0321 12.8005L22.6537 17.4672C22.359 18.4613 21.4274 19.1252 20.3918 19.1252H12.7602C11.7241 19.1252 10.7914 18.4613 10.4975 17.4674L7.90084 8.67746C7.80292 8.34647 7.99187 7.99876 8.32286 7.90084ZM9.92806 11.1252L11.6962 17.1129C11.8256 17.5507 12.2513 17.8752 12.7602 17.8752H20.3918C20.8994 17.8752 21.3246 17.5519 21.455 17.1129L22.8333 12.4465C23.0209 11.8121 22.5328 11.1252 21.7702 11.1252H9.92806ZM11.7577 20.9243C12.1093 20.5727 12.5862 20.3752 13.0835 20.3752C13.5808 20.3752 14.0577 20.5727 14.4093 20.9243C14.761 21.276 14.9585 21.7529 14.9585 22.2502C14.9585 22.7474 14.761 23.2244 14.4093 23.576C14.0577 23.9276 13.5808 24.1252 13.0835 24.1252C12.5862 24.1252 12.1093 23.9276 11.7577 23.576C11.406 23.2244 11.2085 22.7474 11.2085 22.2502C11.2085 21.7529 11.406 21.276 11.7577 20.9243ZM13.0835 21.6252C12.9177 21.6252 12.7588 21.691 12.6416 21.8082C12.5243 21.9254 12.4585 22.0844 12.4585 22.2502C12.4585 22.4159 12.5243 22.5749 12.6416 22.6921C12.7588 22.8093 12.9177 22.8752 13.0835 22.8752C13.2493 22.8752 13.4082 22.8093 13.5254 22.6921C13.6426 22.5749 13.7085 22.4159 13.7085 22.2502C13.7085 22.0844 13.6426 21.9254 13.5254 21.8082C13.4082 21.691 13.2493 21.6252 13.0835 21.6252ZM18.4243 20.9243C18.776 20.5727 19.2529 20.3752 19.7502 20.3752C20.2474 20.3752 20.7244 20.5727 21.076 20.9243C21.4276 21.276 21.6252 21.7529 21.6252 22.2502C21.6252 22.7474 21.4276 23.2244 21.076 23.576C20.7244 23.9276 20.2474 24.1252 19.7502 24.1252C19.2529 24.1252 18.776 23.9276 18.4243 23.576C18.0727 23.2244 17.8752 22.7474 17.8752 22.2502C17.8752 21.7529 18.0727 21.276 18.4243 20.9243ZM19.7502 21.6252C19.5844 21.6252 19.4254 21.691 19.3082 21.8082C19.191 21.9254 19.1252 22.0844 19.1252 22.2502C19.1252 22.4159 19.191 22.5749 19.3082 22.6921C19.4254 22.8093 19.5844 22.8752 19.7502 22.8752C19.9159 22.8752 20.0749 22.8093 20.1921 22.6921C20.3093 22.5749 20.3752 22.4159 20.3752 22.2502C20.3752 22.0844 20.3093 21.9254 20.1921 21.8082C20.0749 21.691 19.9159 21.6252 19.7502 21.6252Z" fill="white"></path></svg></span></div><span class="txt_box sr-only">장바구니버튼</span></button></div></div></div></div><div class="txt_wrap mt_8" style="overflow:hidden"><div class="flex_side"><button class="none_style_btn btn_brand_name"><span class="txt_box">킬코이</span></button><ul class="icon_list"><li class="tooltip_area p_relative swiper-no-swiping"><div id="__MoreInfoButton__"><button class="none_style_btn"><span class="dp_i_flex svg_box "><svg width="16" height="16" viewBox="0 0 16 17" fill="none" xmlns="http://www.w3.org/2000/svg"><path d="M8.00001 5.66671C7.8468 5.66671 7.69509 5.63653 7.55355 5.5779C7.412 5.51927 7.28339 5.43333 7.17505 5.325C7.06672 5.21666 6.98078 5.08805 6.92215 4.9465C6.86352 4.80496 6.83334 4.65325 6.83334 4.50004C6.83334 4.34683 6.86352 4.19512 6.92215 4.05358C6.98078 3.91203 7.06672 3.78342 7.17505 3.67508C7.28339 3.56675 7.412 3.48081 7.55355 3.42218C7.69509 3.36355 7.8468 3.33337 8.00001 3.33337C8.30943 3.33337 8.60618 3.45629 8.82497 3.67508C9.04376 3.89388 9.16668 4.19062 9.16668 4.50004C9.16668 4.80946 9.04376 5.10621 8.82497 5.325C8.60618 5.54379 8.30943 5.66671 8.00001 5.66671ZM8.00001 9.66671C7.69059 9.66671 7.39384 9.54379 7.17505 9.325C6.95626 9.10621 6.83334 8.80946 6.83334 8.50004C6.83334 8.19062 6.95626 7.89388 7.17505 7.67508C7.39384 7.45629 7.69059 7.33337 8.00001 7.33337C8.30943 7.33337 8.60618 7.45629 8.82497 7.67508C9.04376 7.89388 9.16668 8.19062 9.16668 8.50004C9.16668 8.80946 9.04376 9.10621 8.82497 9.325C8.60618 9.54379 8.30943 9.66671 8.00001 9.66671ZM6.83334 12.5C6.83334 12.8095 6.95626 13.1062 7.17505 13.325C7.39384 13.5438 7.69059 13.6667 8.00001 13.6667C8.30943 13.6667 8.60618 13.5438 8.82497 13.325C9.04376 13.1062 9.16668 12.8095 9.16668 12.5C9.16668 12.1906 9.04376 11.8939 8.82497 11.6751C8.60618 11.4563 8.30943 11.3334 8.00001 11.3334C7.69059 11.3334 7.39384 11.4563 7.17505 11.6751C6.95626 11.8939 6.83334 12.1906 6.83334 12.5Z" fill="#232221"></path></svg></span></button></div></li></ul></div><ul class="category_wrap"><li class="category_info storage_type"><span class="dp_i_flex svg_box "><svg width="12" height="12" viewBox="0 0 12 12" fill="none" xmlns="http://www.w3.org/2000/svg"><path d="M5.875 1C5.97446 1 6.06984 1.03951 6.14016 1.10983C6.21049 1.18016 6.25 1.27554 6.25 1.375V2.9525L7.3165 1.8855C7.35133 1.85067 7.39269 1.82304 7.4382 1.80418C7.48371 1.78533 7.53249 1.77563 7.58175 1.77563C7.63101 1.77563 7.67979 1.78533 7.7253 1.80418C7.77081 1.82304 7.81217 1.85067 7.847 1.8855C7.88183 1.92033 7.90946 1.96169 7.92832 2.0072C7.94717 2.05271 7.95687 2.10149 7.95687 2.15075C7.95687 2.20001 7.94717 2.24879 7.92832 2.2943C7.90946 2.33981 7.88183 2.38117 7.847 2.416L6.25 4.013V5.5H7.737L9.334 3.903C9.40509 3.83676 9.49911 3.8007 9.59626 3.80241C9.69341 3.80413 9.7861 3.84348 9.85481 3.91219C9.92352 3.9809 9.96287 4.07359 9.96459 4.17074C9.9663 4.26789 9.93024 4.36191 9.864 4.433L8.798 5.5H10.3755C10.475 5.5 10.5703 5.53951 10.6407 5.60984C10.711 5.68016 10.7505 5.77554 10.7505 5.875C10.7505 5.97446 10.711 6.06984 10.6407 6.14016C10.5703 6.21049 10.475 6.25 10.3755 6.25H8.798L9.865 7.3165C9.89983 7.35133 9.92746 7.39269 9.94632 7.4382C9.96517 7.48371 9.97487 7.53249 9.97487 7.58175C9.97487 7.63101 9.96517 7.67979 9.94632 7.7253C9.92746 7.77081 9.89983 7.81217 9.865 7.847C9.83017 7.88183 9.78881 7.90946 9.7433 7.92832C9.69779 7.94717 9.64901 7.95687 9.59975 7.95687C9.55049 7.95687 9.50171 7.94717 9.4562 7.92832C9.41069 7.90946 9.36933 7.88183 9.3345 7.847L7.737 6.25H6.25V7.737L7.847 9.334C7.91324 9.40509 7.9493 9.49911 7.94759 9.59626C7.94587 9.69341 7.90652 9.7861 7.83781 9.85481C7.7691 9.92352 7.67641 9.96287 7.57926 9.96459C7.48211 9.9663 7.38809 9.93024 7.317 9.864L6.25 8.798V10.3755C6.25 10.475 6.21049 10.5703 6.14016 10.6407C6.06984 10.711 5.97446 10.7505 5.875 10.7505C5.77554 10.7505 5.68016 10.711 5.60984 10.6407C5.53951 10.5703 5.5 10.475 5.5 10.3755V8.798L4.4335 9.865C4.39867 9.89983 4.35731 9.92746 4.3118 9.94632C4.26629 9.96517 4.21751 9.97487 4.16825 9.97487C4.11899 9.97487 4.07021 9.96517 4.0247 9.94632C3.97919 9.92746 3.93783 9.89983 3.903 9.865C3.86817 9.83017 3.84054 9.78881 3.82168 9.7433C3.80283 9.69779 3.79313 9.64901 3.79313 9.59975C3.79313 9.55049 3.80283 9.50171 3.82168 9.4562C3.84054 9.41069 3.86817 9.36933 3.903 9.3345L5.5 7.737V6.25H4.013L2.416 7.847C2.34491 7.91324 2.25089 7.9493 2.15374 7.94759C2.05659 7.94587 1.9639 7.90652 1.89519 7.83781C1.82648 7.7691 1.78713 7.67641 1.78541 7.57926C1.7837 7.48211 1.81976 7.38809 1.886 7.317L2.952 6.25H1.375C1.27554 6.25 1.18016 6.21049 1.10983 6.14016C1.03951 6.06984 1 5.97446 1 5.875C1 5.77554 1.03951 5.68016 1.10983 5.60984C1.18016 5.53951 1.27554 5.5 1.375 5.5H2.9525L1.885 4.4335C1.81465 4.36315 1.77513 4.26774 1.77513 4.16825C1.77513 4.06876 1.81465 3.97335 1.885 3.903C1.95535 3.83265 2.05076 3.79313 2.15025 3.79313C2.24974 3.79313 2.34515 3.83265 2.4155 3.903L4.013 5.5H5.5V4.013L3.903 2.416C3.86616 2.38167 3.83661 2.34027 3.81611 2.29427C3.79561 2.24827 3.78459 2.19861 3.7837 2.14826C3.78282 2.09791 3.79208 2.0479 3.81094 2.0012C3.8298 1.95451 3.85787 1.91209 3.89348 1.87648C3.92909 1.84087 3.97151 1.8128 4.0182 1.79394C4.0649 1.77508 4.11491 1.76582 4.16526 1.7667C4.21561 1.76759 4.26527 1.77861 4.31127 1.79911C4.35727 1.81961 4.39867 1.84916 4.433 1.886L5.5 2.952V1.375C5.5 1.27554 5.53951 1.18016 5.60984 1.10983C5.68016 1.03951 5.77554 1 5.875 1Z" fill="#318CF7"></path></svg></span><span class="txt_box" style="color:#318CF7">냉동</span></li><li class="category_info flex_all_center gap_2"><span class="txt_box">수입소</span><span class="dp_i_flex svg_box "><svg xmlns="http://www.w3.org/2000/svg" width="8" height="8" viewBox="0 0 12 12" fill="none"><path d="M4.14678 2.14652C4.05305 2.24028 4.00039 2.36743 4.00039 2.50002C4.00039 2.6326 4.05305 2.75975 4.14678 2.85352L7.29328 6.00002L4.14678 9.14651C4.09903 9.19264 4.06094 9.24781 4.03473 9.30881C4.00853 9.36981 3.99474 9.43543 3.99416 9.50181C3.99358 9.5682 4.00623 9.63404 4.03137 9.69549C4.05651 9.75694 4.09364 9.81277 4.14059 9.85971C4.18753 9.90666 4.24336 9.94379 4.30481 9.96893C4.36626 9.99407 4.4321 10.0067 4.49849 10.0061C4.56487 10.0056 4.63048 9.99177 4.69149 9.96557C4.75249 9.93936 4.80766 9.90127 4.85378 9.85352L8.35379 6.35352C8.44752 6.25975 8.50018 6.1326 8.50018 6.00002C8.50018 5.86743 8.44752 5.74028 8.35379 5.64652L4.85378 2.14652C4.76002 2.05278 4.63287 2.00012 4.50028 2.00012C4.3677 2.00012 4.24055 2.05278 4.14678 2.14652Z" fill="#BABEC4"></path></svg></span><span class="txt_box">세절&amp;분쇄</span></li></ul><p class="product_name">[소량/슬라이스] 부채살2mm - 호주 | 킬코이 - GF</p><span class="sample_grey_text">구이용/샤브샤브용 1kg</span><div class="price_wrap"><span class="price_info"><em>20,640원</em></span><span class="price_unit">100g당 2,064원 | 총 1,000g</span></div><div class="txt_label_wrap"><span class="txt_area_label label--warm"><span class="label__text">택배</span></span></div><ul class="rating_wrap"><li class="rating_star"><span class="dp_i_flex svg_box "><svg width="12" height="12" viewBox="0 0 16 17" fill="none" xmlns="http://www.w3.org/2000/svg"><path d="M3.91761 15.2225C4.16353 15.4174 4.47604 15.3483 4.84825 15.0654L8.02416 12.6269L11.2062 15.0654C11.5784 15.3483 11.8845 15.4174 12.1369 15.2225C12.3828 15.0276 12.4371 14.7071 12.287 14.2483L11.032 10.3393L14.2382 7.92602C14.6104 7.64956 14.7605 7.36023 14.6644 7.04624C14.5684 6.74457 14.2861 6.59361 13.8239 6.60004L9.89133 6.62498L8.69659 2.6972C8.55262 2.23224 8.33668 1.99976 8.02416 1.99976C7.71804 1.99976 7.50184 2.23224 7.35762 2.6972L6.16288 6.62498L2.23052 6.60004C1.76815 6.59361 1.48611 6.74457 1.39005 7.04624C1.28784 7.3605 1.44384 7.64956 1.81631 7.92602L5.02218 10.3393L3.7675 14.2483C3.61739 14.7071 3.67144 15.0276 3.91761 15.2225Z" fill="#FFC42F"></path></svg></span><span class="txt_box">4.2</span></li><li><span class="txt_box">재고 <!-- -->13</span></li></ul></div></div></div></div><div class="swiper-slide"><div class="bgInherit" style="cursor:pointer"><div role="button" class="product_card type1 stack_vertical false"><div class="img_wrap"><div class="bg_wrap"><p class="absolute_full"><img alt="상품_섬네일_이미지" loading="lazy" width="500" height="500" decoding="async" data-nimg="1" class="full_image" style="color:transparent" src="https://img-cdn.meatbox.co.kr/m/images/itemImage/2025/04/02/14/37/mo_thumb_productThumbnail_139751_20250402143710.jpg"/></p><div class="label_area" style="cursor:pointer"><div class="none_style_btn cart_button"><button class="clear_button " type="button"><div class="p_relative util_item"><span class="dp_i_flex svg_box "><svg width="32" height="32" viewBox="0 0 32 32" fill="none" xmlns="http://www.w3.org/2000/svg"><path d="M0 16C0 7.16344 7.16344 0 16 0C24.8366 0 32 7.16344 32 16C32 24.8366 24.8366 32 16 32C7.16344 32 0 24.8366 0 16Z" fill="#232221" fill-opacity="0.5"></path><path fill-rule="evenodd" clip-rule="evenodd" d="M8.32286 7.90084C8.65386 7.80292 9.00157 7.99187 9.09949 8.32286L9.55871 9.87516H21.7702C23.3041 9.87516 24.4742 11.305 24.0321 12.8005L22.6537 17.4672C22.359 18.4613 21.4274 19.1252 20.3918 19.1252H12.7602C11.7241 19.1252 10.7914 18.4613 10.4975 17.4674L7.90084 8.67746C7.80292 8.34647 7.99187 7.99876 8.32286 7.90084ZM9.92806 11.1252L11.6962 17.1129C11.8256 17.5507 12.2513 17.8752 12.7602 17.8752H20.3918C20.8994 17.8752 21.3246 17.5519 21.455 17.1129L22.8333 12.4465C23.0209 11.8121 22.5328 11.1252 21.7702 11.1252H9.92806ZM11.7577 20.9243C12.1093 20.5727 12.5862 20.3752 13.0835 20.3752C13.5808 20.3752 14.0577 20.5727 14.4093 20.9243C14.761 21.276 14.9585 21.7529 14.9585 22.2502C14.9585 22.7474 14.761 23.2244 14.4093 23.576C14.0577 23.9276 13.5808 24.1252 13.0835 24.1252C12.5862 24.1252 12.1093 23.9276 11.7577 23.576C11.406 23.2244 11.2085 22.7474 11.2085 22.2502C11.2085 21.7529 11.406 21.276 11.7577 20.9243ZM13.0835 21.6252C12.9177 21.6252 12.7588 21.691 12.6416 21.8082C12.5243 21.9254 12.4585 22.0844 12.4585 22.2502C12.4585 22.4159 12.5243 22.5749 12.6416 22.6921C12.7588 22.8093 12.9177 22.8752 13.0835 22.8752C13.2493 22.8752 13.4082 22.8093 13.5254 22.6921C13.6426 22.5749 13.7085 22.4159 13.7085 22.2502C13.7085 22.0844 13.6426 21.9254 13.5254 21.8082C13.4082 21.691 13.2493 21.6252 13.0835 21.6252ZM18.4243 20.9243C18.776 20.5727 19.2529 20.3752 19.7502 20.3752C20.2474 20.3752 20.7244 20.5727 21.076 20.9243C21.4276 21.276 21.6252 21.7529 21.6252 22.2502C21.6252 22.7474 21.4276 23.2244 21.076 23.576C20.7244 23.9276 20.2474 24.1252 19.7502 24.1252C19.2529 24.1252 18.776 23.9276 18.4243 23.576C18.0727 23.2244 17.8752 22.7474 17.8752 22.2502C17.8752 21.7529 18.0727 21.276 18.4243 20.9243ZM19.7502 21.6252C19.5844 21.6252 19.4254 21.691 19.3082 21.8082C19.191 21.9254 19.1252 22.0844 19.1252 22.2502C19.1252 22.4159 19.191 22.5749 19.3082 22.6921C19.4254 22.8093 19.5844 22.8752 19.7502 22.8752C19.9159 22.8752 20.0749 22.8093 20.1921 22.6921C20.3093 22.5749 20.3752 22.4159 20.3752 22.2502C20.3752 22.0844 20.3093 21.9254 20.1921 21.8082C20.0749 21.691 19.9159 21.6252 19.7502 21.6252Z" fill="white"></path></svg></span></div><span class="txt_box sr-only">장바구니버튼</span></button></div></div></div></div><div class="txt_wrap mt_8" style="overflow:hidden"><div class="flex_side"><button class="none_style_btn btn_brand_name"><span class="txt_box">킬코이</span></button><ul class="icon_list"><li class="tooltip_area p_relative swiper-no-swiping"><div id="__MoreInfoButton__"><button class="none_style_btn"><span class="dp_i_flex svg_box "><svg width="16" height="16" viewBox="0 0 16 17" fill="none" xmlns="http://www.w3.org/2000/svg"><path d="M8.00001 5.66671C7.8468 5.66671 7.69509 5.63653 7.55355 5.5779C7.412 5.51927 7.28339 5.43333 7.17505 5.325C7.06672 5.21666 6.98078 5.08805 6.92215 4.9465C6.86352 4.80496 6.83334 4.65325 6.83334 4.50004C6.83334 4.34683 6.86352 4.19512 6.92215 4.05358C6.98078 3.91203 7.06672 3.78342 7.17505 3.67508C7.28339 3.56675 7.412 3.48081 7.55355 3.42218C7.69509 3.36355 7.8468 3.33337 8.00001 3.33337C8.30943 3.33337 8.60618 3.45629 8.82497 3.67508C9.04376 3.89388 9.16668 4.19062 9.16668 4.50004C9.16668 4.80946 9.04376 5.10621 8.82497 5.325C8.60618 5.54379 8.30943 5.66671 8.00001 5.66671ZM8.00001 9.66671C7.69059 9.66671 7.39384 9.54379 7.17505 9.325C6.95626 9.10621 6.83334 8.80946 6.83334 8.50004C6.83334 8.19062 6.95626 7.89388 7.17505 7.67508C7.39384 7.45629 7.69059 7.33337 8.00001 7.33337C8.30943 7.33337 8.60618 7.45629 8.82497 7.67508C9.04376 7.89388 9.16668 8.19062 9.16668 8.50004C9.16668 8.80946 9.04376 9.10621 8.82497 9.325C8.60618 9.54379 8.30943 9.66671 8.00001 9.66671ZM6.83334 12.5C6.83334 12.8095 6.95626 13.1062 7.17505 13.325C7.39384 13.5438 7.69059 13.6667 8.00001 13.6667C8.30943 13.6667 8.60618 13.5438 8.82497 13.325C9.04376 13.1062 9.16668 12.8095 9.16668 12.5C9.16668 12.1906 9.04376 11.8939 8.82497 11.6751C8.60618 11.4563 8.30943 11.3334 8.00001 11.3334C7.69059 11.3334 7.39384 11.4563 7.17505 11.6751C6.95626 11.8939 6.83334 12.1906 6.83334 12.5Z" fill="#232221"></path></svg></span></button></div></li></ul></div><ul class="category_wrap"><li class="category_info storage_type"><span class="dp_i_flex svg_box "><svg width="12" height="12" viewBox="0 0 12 12" fill="none" xmlns="http://www.w3.org/2000/svg"><path d="M5.875 1C5.97446 1 6.06984 1.03951 6.14016 1.10983C6.21049 1.18016 6.25 1.27554 6.25 1.375V2.9525L7.3165 1.8855C7.35133 1.85067 7.39269 1.82304 7.4382 1.80418C7.48371 1.78533 7.53249 1.77563 7.58175 1.77563C7.63101 1.77563 7.67979 1.78533 7.7253 1.80418C7.77081 1.82304 7.81217 1.85067 7.847 1.8855C7.88183 1.92033 7.90946 1.96169 7.92832 2.0072C7.94717 2.05271 7.95687 2.10149 7.95687 2.15075C7.95687 2.20001 7.94717 2.24879 7.92832 2.2943C7.90946 2.33981 7.88183 2.38117 7.847 2.416L6.25 4.013V5.5H7.737L9.334 3.903C9.40509 3.83676 9.49911 3.8007 9.59626 3.80241C9.69341 3.80413 9.7861 3.84348 9.85481 3.91219C9.92352 3.9809 9.96287 4.07359 9.96459 4.17074C9.9663 4.26789 9.93024 4.36191 9.864 4.433L8.798 5.5H10.3755C10.475 5.5 10.5703 5.53951 10.6407 5.60984C10.711 5.68016 10.7505 5.77554 10.7505 5.875C10.7505 5.97446 10.711 6.06984 10.6407 6.14016C10.5703 6.21049 10.475 6.25 10.3755 6.25H8.798L9.865 7.3165C9.89983 7.35133 9.92746 7.39269 9.94632 7.4382C9.96517 7.48371 9.97487 7.53249 9.97487 7.58175C9.97487 7.63101 9.96517 7.67979 9.94632 7.7253C9.92746 7.77081 9.89983 7.81217 9.865 7.847C9.83017 7.88183 9.78881 7.90946 9.7433 7.92832C9.69779 7.94717 9.64901 7.95687 9.59975 7.95687C9.55049 7.95687 9.50171 7.94717 9.4562 7.92832C9.41069 7.90946 9.36933 7.88183 9.3345 7.847L7.737 6.25H6.25V7.737L7.847 9.334C7.91324 9.40509 7.9493 9.49911 7.94759 9.59626C7.94587 9.69341 7.90652 9.7861 7.83781 9.85481C7.7691 9.92352 7.67641 9.96287 7.57926 9.96459C7.48211 9.9663 7.38809 9.93024 7.317 9.864L6.25 8.798V10.3755C6.25 10.475 6.21049 10.5703 6.14016 10.6407C6.06984 10.711 5.97446 10.7505 5.875 10.7505C5.77554 10.7505 5.68016 10.711 5.60984 10.6407C5.53951 10.5703 5.5 10.475 5.5 10.3755V8.798L4.4335 9.865C4.39867 9.89983 4.35731 9.92746 4.3118 9.94632C4.26629 9.96517 4.21751 9.97487 4.16825 9.97487C4.11899 9.97487 4.07021 9.96517 4.0247 9.94632C3.97919 9.92746 3.93783 9.89983 3.903 9.865C3.86817 9.83017 3.84054 9.78881 3.82168 9.7433C3.80283 9.69779 3.79313 9.64901 3.79313 9.59975C3.79313 9.55049 3.80283 9.50171 3.82168 9.4562C3.84054 9.41069 3.86817 9.36933 3.903 9.3345L5.5 7.737V6.25H4.013L2.416 7.847C2.34491 7.91324 2.25089 7.9493 2.15374 7.94759C2.05659 7.94587 1.9639 7.90652 1.89519 7.83781C1.82648 7.7691 1.78713 7.67641 1.78541 7.57926C1.7837 7.48211 1.81976 7.38809 1.886 7.317L2.952 6.25H1.375C1.27554 6.25 1.18016 6.21049 1.10983 6.14016C1.03951 6.06984 1 5.97446 1 5.875C1 5.77554 1.03951 5.68016 1.10983 5.60984C1.18016 5.53951 1.27554 5.5 1.375 5.5H2.9525L1.885 4.4335C1.81465 4.36315 1.77513 4.26774 1.77513 4.16825C1.77513 4.06876 1.81465 3.97335 1.885 3.903C1.95535 3.83265 2.05076 3.79313 2.15025 3.79313C2.24974 3.79313 2.34515 3.83265 2.4155 3.903L4.013 5.5H5.5V4.013L3.903 2.416C3.86616 2.38167 3.83661 2.34027 3.81611 2.29427C3.79561 2.24827 3.78459 2.19861 3.7837 2.14826C3.78282 2.09791 3.79208 2.0479 3.81094 2.0012C3.8298 1.95451 3.85787 1.91209 3.89348 1.87648C3.92909 1.84087 3.97151 1.8128 4.0182 1.79394C4.0649 1.77508 4.11491 1.76582 4.16526 1.7667C4.21561 1.76759 4.26527 1.77861 4.31127 1.79911C4.35727 1.81961 4.39867 1.84916 4.433 1.886L5.5 2.952V1.375C5.5 1.27554 5.53951 1.18016 5.60984 1.10983C5.68016 1.03951 5.77554 1 5.875 1Z" fill="#318CF7"></path></svg></span><span class="txt_box" style="color:#318CF7">냉동</span></li><li class="category_info flex_all_center gap_2"><span class="txt_box">수입소</span><span class="dp_i_flex svg_box "><svg xmlns="http://www.w3.org/2000/svg" width="8" height="8" viewBox="0 0 12 12" fill="none"><path d="M4.14678 2.14652C4.05305 2.24028 4.00039 2.36743 4.00039 2.50002C4.00039 2.6326 4.05305 2.75975 4.14678 2.85352L7.29328 6.00002L4.14678 9.14651C4.09903 9.19264 4.06094 9.24781 4.03473 9.30881C4.00853 9.36981 3.99474 9.43543 3.99416 9.50181C3.99358 9.5682 4.00623 9.63404 4.03137 9.69549C4.05651 9.75694 4.09364 9.81277 4.14059 9.85971C4.18753 9.90666 4.24336 9.94379 4.30481 9.96893C4.36626 9.99407 4.4321 10.0067 4.49849 10.0061C4.56487 10.0056 4.63048 9.99177 4.69149 9.96557C4.75249 9.93936 4.80766 9.90127 4.85378 9.85352L8.35379 6.35352C8.44752 6.25975 8.50018 6.1326 8.50018 6.00002C8.50018 5.86743 8.44752 5.74028 8.35379 5.64652L4.85378 2.14652C4.76002 2.05278 4.63287 2.00012 4.50028 2.00012C4.3677 2.00012 4.24055 2.05278 4.14678 2.14652Z" fill="#BABEC4"></path></svg></span><span class="txt_box">세절&amp;분쇄</span></li></ul><p class="product_name">[업소용/슬라이스] 부채살2mm - 호주 | 킬코이 - GF</p><span class="sample_grey_text">구이용/샤브샤브용 10kg(1kg*10ea)</span><div class="price_wrap"><span class="price_info"><em>169,000원</em></span><span class="price_unit">kg당 16,900원 | 총 10kg</span></div><div class="txt_label_wrap"><span class="txt_area_label label--warm"><span class="label__text">택배</span></span></div><ul class="rating_wrap"><li><span class="txt_box">재고 <!-- -->6</span></li></ul></div></div></div></div><div class="swiper-slide"><div class="bgInherit" style="cursor:pointer"><div role="button" class="product_card type1 stack_vertical false"><div class="img_wrap"><div class="bg_wrap"><p class="absolute_full"><img alt="상품_섬네일_이미지" loading="lazy" width="500" height="500" decoding="async" data-nimg="1" class="full_image" style="color:transparent" src="https://img-cdn.meatbox.co.kr/m/images/itemImage/2025/04/02/14/32/mo_thumb_productThumbnail_139751_20250402143240.jpg"/></p><div class="label_area" style="cursor:pointer"><div class="none_style_btn cart_button"><button class="clear_button " type="button"><div class="p_relative util_item"><span class="dp_i_flex svg_box "><svg width="32" height="32" viewBox="0 0 32 32" fill="none" xmlns="http://www.w3.org/2000/svg"><path d="M0 16C0 7.16344 7.16344 0 16 0C24.8366 0 32 7.16344 32 16C32 24.8366 24.8366 32 16 32C7.16344 32 0 24.8366 0 16Z" fill="#232221" fill-opacity="0.5"></path><path fill-rule="evenodd" clip-rule="evenodd" d="M8.32286 7.90084C8.65386 7.80292 9.00157 7.99187 9.09949 8.32286L9.55871 9.87516H21.7702C23.3041 9.87516 24.4742 11.305 24.0321 12.8005L22.6537 17.4672C22.359 18.4613 21.4274 19.1252 20.3918 19.1252H12.7602C11.7241 19.1252 10.7914 18.4613 10.4975 17.4674L7.90084 8.67746C7.80292 8.34647 7.99187 7.99876 8.32286 7.90084ZM9.92806 11.1252L11.6962 17.1129C11.8256 17.5507 12.2513 17.8752 12.7602 17.8752H20.3918C20.8994 17.8752 21.3246 17.5519 21.455 17.1129L22.8333 12.4465C23.0209 11.8121 22.5328 11.1252 21.7702 11.1252H9.92806ZM11.7577 20.9243C12.1093 20.5727 12.5862 20.3752 13.0835 20.3752C13.5808 20.3752 14.0577 20.5727 14.4093 20.9243C14.761 21.276 14.9585 21.7529 14.9585 22.2502C14.9585 22.7474 14.761 23.2244 14.4093 23.576C14.0577 23.9276 13.5808 24.1252 13.0835 24.1252C12.5862 24.1252 12.1093 23.9276 11.7577 23.576C11.406 23.2244 11.2085 22.7474 11.2085 22.2502C11.2085 21.7529 11.406 21.276 11.7577 20.9243ZM13.0835 21.6252C12.9177 21.6252 12.7588 21.691 12.6416 21.8082C12.5243 21.9254 12.4585 22.0844 12.4585 22.2502C12.4585 22.4159 12.5243 22.5749 12.6416 22.6921C12.7588 22.8093 12.9177 22.8752 13.0835 22.8752C13.2493 22.8752 13.4082 22.8093 13.5254 22.6921C13.6426 22.5749 13.7085 22.4159 13.7085 22.2502C13.7085 22.0844 13.6426 21.9254 13.5254 21.8082C13.4082 21.691 13.2493 21.6252 13.0835 21.6252ZM18.4243 20.9243C18.776 20.5727 19.2529 20.3752 19.7502 20.3752C20.2474 20.3752 20.7244 20.5727 21.076 20.9243C21.4276 21.276 21.6252 21.7529 21.6252 22.2502C21.6252 22.7474 21.4276 23.2244 21.076 23.576C20.7244 23.9276 20.2474 24.1252 19.7502 24.1252C19.2529 24.1252 18.776 23.9276 18.4243 23.576C18.0727 23.2244 17.8752 22.7474 17.8752 22.2502C17.8752 21.7529 18.0727 21.276 18.4243 20.9243ZM19.7502 21.6252C19.5844 21.6252 19.4254 21.691 19.3082 21.8082C19.191 21.9254 19.1252 22.0844 19.1252 22.2502C19.1252 22.4159 19.191 22.5749 19.3082 22.6921C19.4254 22.8093 19.5844 22.8752 19.7502 22.8752C19.9159 22.8752 20.0749 22.8093 20.1921 22.6921C20.3093 22.5749 20.3752 22.4159 20.3752 22.2502C20.3752 22.0844 20.3093 21.9254 20.1921 21.8082C20.0749 21.691 19.9159 21.6252 19.7502 21.6252Z" fill="white"></path></svg></span></div><span class="txt_box sr-only">장바구니버튼</span></button></div></div></div></div><div class="txt_wrap mt_8" style="overflow:hidden"><div class="flex_side"><button class="none_style_btn btn_brand_name"><span class="txt_box">킬코이</span></button><ul class="icon_list"><li class="tooltip_area p_relative swiper-no-swiping"><div id="__MoreInfoButton__"><button class="none_style_btn"><span class="dp_i_flex svg_box "><svg width="16" height="16" viewBox="0 0 16 17" fill="none" xmlns="http://www.w3.org/2000/svg"><path d="M8.00001 5.66671C7.8468 5.66671 7.69509 5.63653 7.55355 5.5779C7.412 5.51927 7.28339 5.43333 7.17505 5.325C7.06672 5.21666 6.98078 5.08805 6.92215 4.9465C6.86352 4.80496 6.83334 4.65325 6.83334 4.50004C6.83334 4.34683 6.86352 4.19512 6.92215 4.05358C6.98078 3.91203 7.06672 3.78342 7.17505 3.67508C7.28339 3.56675 7.412 3.48081 7.55355 3.42218C7.69509 3.36355 7.8468 3.33337 8.00001 3.33337C8.30943 3.33337 8.60618 3.45629 8.82497 3.67508C9.04376 3.89388 9.16668 4.19062 9.16668 4.50004C9.16668 4.80946 9.04376 5.10621 8.82497 5.325C8.60618 5.54379 8.30943 5.66671 8.00001 5.66671ZM8.00001 9.66671C7.69059 9.66671 7.39384 9.54379 7.17505 9.325C6.95626 9.10621 6.83334 8.80946 6.83334 8.50004C6.83334 8.19062 6.95626 7.89388 7.17505 7.67508C7.39384 7.45629 7.69059 7.33337 8.00001 7.33337C8.30943 7.33337 8.60618 7.45629 8.82497 7.67508C9.04376 7.89388 9.16668 8.19062 9.16668 8.50004C9.16668 8.80946 9.04376 9.10621 8.82497 9.325C8.60618 9.54379 8.30943 9.66671 8.00001 9.66671ZM6.83334 12.5C6.83334 12.8095 6.95626 13.1062 7.17505 13.325C7.39384 13.5438 7.69059 13.6667 8.00001 13.6667C8.30943 13.6667 8.60618 13.5438 8.82497 13.325C9.04376 13.1062 9.16668 12.8095 9.16668 12.5C9.16668 12.1906 9.04376 11.8939 8.82497 11.6751C8.60618 11.4563 8.30943 11.3334 8.00001 11.3334C7.69059 11.3334 7.39384 11.4563 7.17505 11.6751C6.95626 11.8939 6.83334 12.1906 6.83334 12.5Z" fill="#232221"></path></svg></span></button></div></li></ul></div><ul class="category_wrap"><li class="category_info storage_type"><span class="dp_i_flex svg_box "><svg width="12" height="12" viewBox="0 0 12 12" fill="none" xmlns="http://www.w3.org/2000/svg"><path d="M5.875 1C5.97446 1 6.06984 1.03951 6.14016 1.10983C6.21049 1.18016 6.25 1.27554 6.25 1.375V2.9525L7.3165 1.8855C7.35133 1.85067 7.39269 1.82304 7.4382 1.80418C7.48371 1.78533 7.53249 1.77563 7.58175 1.77563C7.63101 1.77563 7.67979 1.78533 7.7253 1.80418C7.77081 1.82304 7.81217 1.85067 7.847 1.8855C7.88183 1.92033 7.90946 1.96169 7.92832 2.0072C7.94717 2.05271 7.95687 2.10149 7.95687 2.15075C7.95687 2.20001 7.94717 2.24879 7.92832 2.2943C7.90946 2.33981 7.88183 2.38117 7.847 2.416L6.25 4.013V5.5H7.737L9.334 3.903C9.40509 3.83676 9.49911 3.8007 9.59626 3.80241C9.69341 3.80413 9.7861 3.84348 9.85481 3.91219C9.92352 3.9809 9.96287 4.07359 9.96459 4.17074C9.9663 4.26789 9.93024 4.36191 9.864 4.433L8.798 5.5H10.3755C10.475 5.5 10.5703 5.53951 10.6407 5.60984C10.711 5.68016 10.7505 5.77554 10.7505 5.875C10.7505 5.97446 10.711 6.06984 10.6407 6.14016C10.5703 6.21049 10.475 6.25 10.3755 6.25H8.798L9.865 7.3165C9.89983 7.35133 9.92746 7.39269 9.94632 7.4382C9.96517 7.48371 9.97487 7.53249 9.97487 7.58175C9.97487 7.63101 9.96517 7.67979 9.94632 7.7253C9.92746 7.77081 9.89983 7.81217 9.865 7.847C9.83017 7.88183 9.78881 7.90946 9.7433 7.92832C9.69779 7.94717 9.64901 7.95687 9.59975 7.95687C9.55049 7.95687 9.50171 7.94717 9.4562 7.92832C9.41069 7.90946 9.36933 7.88183 9.3345 7.847L7.737 6.25H6.25V7.737L7.847 9.334C7.91324 9.40509 7.9493 9.49911 7.94759 9.59626C7.94587 9.69341 7.90652 9.7861 7.83781 9.85481C7.7691 9.92352 7.67641 9.96287 7.57926 9.96459C7.48211 9.9663 7.38809 9.93024 7.317 9.864L6.25 8.798V10.3755C6.25 10.475 6.21049 10.5703 6.14016 10.6407C6.06984 10.711 5.97446 10.7505 5.875 10.7505C5.77554 10.7505 5.68016 10.711 5.60984 10.6407C5.53951 10.5703 5.5 10.475 5.5 10.3755V8.798L4.4335 9.865C4.39867 9.89983 4.35731 9.92746 4.3118 9.94632C4.26629 9.96517 4.21751 9.97487 4.16825 9.97487C4.11899 9.97487 4.07021 9.96517 4.0247 9.94632C3.97919 9.92746 3.93783 9.89983 3.903 9.865C3.86817 9.83017 3.84054 9.78881 3.82168 9.7433C3.80283 9.69779 3.79313 9.64901 3.79313 9.59975C3.79313 9.55049 3.80283 9.50171 3.82168 9.4562C3.84054 9.41069 3.86817 9.36933 3.903 9.3345L5.5 7.737V6.25H4.013L2.416 7.847C2.34491 7.91324 2.25089 7.9493 2.15374 7.94759C2.05659 7.94587 1.9639 7.90652 1.89519 7.83781C1.82648 7.7691 1.78713 7.67641 1.78541 7.57926C1.7837 7.48211 1.81976 7.38809 1.886 7.317L2.952 6.25H1.375C1.27554 6.25 1.18016 6.21049 1.10983 6.14016C1.03951 6.06984 1 5.97446 1 5.875C1 5.77554 1.03951 5.68016 1.10983 5.60984C1.18016 5.53951 1.27554 5.5 1.375 5.5H2.9525L1.885 4.4335C1.81465 4.36315 1.77513 4.26774 1.77513 4.16825C1.77513 4.06876 1.81465 3.97335 1.885 3.903C1.95535 3.83265 2.05076 3.79313 2.15025 3.79313C2.24974 3.79313 2.34515 3.83265 2.4155 3.903L4.013 5.5H5.5V4.013L3.903 2.416C3.86616 2.38167 3.83661 2.34027 3.81611 2.29427C3.79561 2.24827 3.78459 2.19861 3.7837 2.14826C3.78282 2.09791 3.79208 2.0479 3.81094 2.0012C3.8298 1.95451 3.85787 1.91209 3.89348 1.87648C3.92909 1.84087 3.97151 1.8128 4.0182 1.79394C4.0649 1.77508 4.11491 1.76582 4.16526 1.7667C4.21561 1.76759 4.26527 1.77861 4.31127 1.79911C4.35727 1.81961 4.39867 1.84916 4.433 1.886L5.5 2.952V1.375C5.5 1.27554 5.53951 1.18016 5.60984 1.10983C5.68016 1.03951 5.77554 1 5.875 1Z" fill="#318CF7"></path></svg></span><span class="txt_box" style="color:#318CF7">냉동</span></li><li class="category_info flex_all_center gap_2"><span class="txt_box">수입소</span><span class="dp_i_flex svg_box "><svg xmlns="http://www.w3.org/2000/svg" width="8" height="8" viewBox="0 0 12 12" fill="none"><path d="M4.14678 2.14652C4.05305 2.24028 4.00039 2.36743 4.00039 2.50002C4.00039 2.6326 4.05305 2.75975 4.14678 2.85352L7.29328 6.00002L4.14678 9.14651C4.09903 9.19264 4.06094 9.24781 4.03473 9.30881C4.00853 9.36981 3.99474 9.43543 3.99416 9.50181C3.99358 9.5682 4.00623 9.63404 4.03137 9.69549C4.05651 9.75694 4.09364 9.81277 4.14059 9.85971C4.18753 9.90666 4.24336 9.94379 4.30481 9.96893C4.36626 9.99407 4.4321 10.0067 4.49849 10.0061C4.56487 10.0056 4.63048 9.99177 4.69149 9.96557C4.75249 9.93936 4.80766 9.90127 4.85378 9.85352L8.35379 6.35352C8.44752 6.25975 8.50018 6.1326 8.50018 6.00002C8.50018 5.86743 8.44752 5.74028 8.35379 5.64652L4.85378 2.14652C4.76002 2.05278 4.63287 2.00012 4.50028 2.00012C4.3677 2.00012 4.24055 2.05278 4.14678 2.14652Z" fill="#BABEC4"></path></svg></span><span class="txt_box">세절&amp;분쇄</span></li></ul><p class="product_name">[업소용/슬라이스] 부채살2mm - 호주 | 킬코이 - GF</p><span class="sample_grey_text">구이용/샤브샤브용 6kg(1kg*6ea)</span><div class="price_wrap"><span class="price_info"><em>102,960원</em></span><span class="price_unit">kg당 17,160원 | 총 6kg</span></div><div class="txt_label_wrap"><span class="txt_area_label label--warm"><span class="label__text">택배</span></span></div><ul class="rating_wrap"><li class="rating_star"><span class="dp_i_flex svg_box "><svg width="12" height="12" viewBox="0 0 16 17" fill="none" xmlns="http://www.w3.org/2000/svg"><path d="M3.91761 15.2225C4.16353 15.4174 4.47604 15.3483 4.84825 15.0654L8.02416 12.6269L11.2062 15.0654C11.5784 15.3483 11.8845 15.4174 12.1369 15.2225C12.3828 15.0276 12.4371 14.7071 12.287 14.2483L11.032 10.3393L14.2382 7.92602C14.6104 7.64956 14.7605 7.36023 14.6644 7.04624C14.5684 6.74457 14.2861 6.59361 13.8239 6.60004L9.89133 6.62498L8.69659 2.6972C8.55262 2.23224 8.33668 1.99976 8.02416 1.99976C7.71804 1.99976 7.50184 2.23224 7.35762 2.6972L6.16288 6.62498L2.23052 6.60004C1.76815 6.59361 1.48611 6.74457 1.39005 7.04624C1.28784 7.3605 1.44384 7.64956 1.81631 7.92602L5.02218 10.3393L3.7675 14.2483C3.61739 14.7071 3.67144 15.0276 3.91761 15.2225Z" fill="#FFC42F"></path></svg></span><span class="txt_box">4.0</span></li><li><span class="txt_box">재고 <!-- -->10</span></li></ul></div></div></div></div><div class="swiper-slide"><div class="bgInherit" style="cursor:pointer"><div role="button" class="product_card type1 stack_vertical false"><div class="img_wrap"><div class="bg_wrap"><p class="absolute_full"><img alt="상품_섬네일_이미지" loading="lazy" width="500" height="500" decoding="async" data-nimg="1" class="full_image" style="color:transparent" src="https://img-cdn.meatbox.co.kr/m/images/itemImage/2025/04/02/14/26/mo_thumb_productThumbnail_139751_20250402142602.jpg"/></p><div class="label_area" style="cursor:pointer"><div class="balloon_label pink  "><span class="txt_box">품절 예정</span><span class="angle-pixel left_top"></span></div><div class="none_style_btn cart_button"><button class="clear_button " type="button"><div class="p_relative util_item"><span class="dp_i_flex svg_box "><svg width="32" height="32" viewBox="0 0 32 32" fill="none" xmlns="http://www.w3.org/2000/svg"><path d="M0 16C0 7.16344 7.16344 0 16 0C24.8366 0 32 7.16344 32 16C32 24.8366 24.8366 32 16 32C7.16344 32 0 24.8366 0 16Z" fill="#232221" fill-opacity="0.5"></path><path fill-rule="evenodd" clip-rule="evenodd" d="M8.32286 7.90084C8.65386 7.80292 9.00157 7.99187 9.09949 8.32286L9.55871 9.87516H21.7702C23.3041 9.87516 24.4742 11.305 24.0321 12.8005L22.6537 17.4672C22.359 18.4613 21.4274 19.1252 20.3918 19.1252H12.7602C11.7241 19.1252 10.7914 18.4613 10.4975 17.4674L7.90084 8.67746C7.80292 8.34647 7.99187 7.99876 8.32286 7.90084ZM9.92806 11.1252L11.6962 17.1129C11.8256 17.5507 12.2513 17.8752 12.7602 17.8752H20.3918C20.8994 17.8752 21.3246 17.5519 21.455 17.1129L22.8333 12.4465C23.0209 11.8121 22.5328 11.1252 21.7702 11.1252H9.92806ZM11.7577 20.9243C12.1093 20.5727 12.5862 20.3752 13.0835 20.3752C13.5808 20.3752 14.0577 20.5727 14.4093 20.9243C14.761 21.276 14.9585 21.7529 14.9585 22.2502C14.9585 22.7474 14.761 23.2244 14.4093 23.576C14.0577 23.9276 13.5808 24.1252 13.0835 24.1252C12.5862 24.1252 12.1093 23.9276 11.7577 23.576C11.406 23.2244 11.2085 22.7474 11.2085 22.2502C11.2085 21.7529 11.406 21.276 11.7577 20.9243ZM13.0835 21.6252C12.9177 21.6252 12.7588 21.691 12.6416 21.8082C12.5243 21.9254 12.4585 22.0844 12.4585 22.2502C12.4585 22.4159 12.5243 22.5749 12.6416 22.6921C12.7588 22.8093 12.9177 22.8752 13.0835 22.8752C13.2493 22.8752 13.4082 22.8093 13.5254 22.6921C13.6426 22.5749 13.7085 22.4159 13.7085 22.2502C13.7085 22.0844 13.6426 21.9254 13.5254 21.8082C13.4082 21.691 13.2493 21.6252 13.0835 21.6252ZM18.4243 20.9243C18.776 20.5727 19.2529 20.3752 19.7502 20.3752C20.2474 20.3752 20.7244 20.5727 21.076 20.9243C21.4276 21.276 21.6252 21.7529 21.6252 22.2502C21.6252 22.7474 21.4276 23.2244 21.076 23.576C20.7244 23.9276 20.2474 24.1252 19.7502 24.1252C19.2529 24.1252 18.776 23.9276 18.4243 23.576C18.0727 23.2244 17.8752 22.7474 17.8752 22.2502C17.8752 21.7529 18.0727 21.276 18.4243 20.9243ZM19.7502 21.6252C19.5844 21.6252 19.4254 21.691 19.3082 21.8082C19.191 21.9254 19.1252 22.0844 19.1252 22.2502C19.1252 22.4159 19.191 22.5749 19.3082 22.6921C19.4254 22.8093 19.5844 22.8752 19.7502 22.8752C19.9159 22.8752 20.0749 22.8093 20.1921 22.6921C20.3093 22.5749 20.3752 22.4159 20.3752 22.2502C20.3752 22.0844 20.3093 21.9254 20.1921 21.8082C20.0749 21.691 19.9159 21.6252 19.7502 21.6252Z" fill="white"></path></svg></span></div><span class="txt_box sr-only">장바구니버튼</span></button></div></div></div></div><div class="txt_wrap mt_8" style="overflow:hidden"><div class="flex_side"><button class="none_style_btn btn_brand_name"><span class="txt_box">킬코이</span></button><ul class="icon_list"><li class="tooltip_area p_relative swiper-no-swiping"><div id="__MoreInfoButton__"><button class="none_style_btn"><span class="dp_i_flex svg_box "><svg width="16" height="16" viewBox="0 0 16 17" fill="none" xmlns="http://www.w3.org/2000/svg"><path d="M8.00001 5.66671C7.8468 5.66671 7.69509 5.63653 7.55355 5.5779C7.412 5.51927 7.28339 5.43333 7.17505 5.325C7.06672 5.21666 6.98078 5.08805 6.92215 4.9465C6.86352 4.80496 6.83334 4.65325 6.83334 4.50004C6.83334 4.34683 6.86352 4.19512 6.92215 4.05358C6.98078 3.91203 7.06672 3.78342 7.17505 3.67508C7.28339 3.56675 7.412 3.48081 7.55355 3.42218C7.69509 3.36355 7.8468 3.33337 8.00001 3.33337C8.30943 3.33337 8.60618 3.45629 8.82497 3.67508C9.04376 3.89388 9.16668 4.19062 9.16668 4.50004C9.16668 4.80946 9.04376 5.10621 8.82497 5.325C8.60618 5.54379 8.30943 5.66671 8.00001 5.66671ZM8.00001 9.66671C7.69059 9.66671 7.39384 9.54379 7.17505 9.325C6.95626 9.10621 6.83334 8.80946 6.83334 8.50004C6.83334 8.19062 6.95626 7.89388 7.17505 7.67508C7.39384 7.45629 7.69059 7.33337 8.00001 7.33337C8.30943 7.33337 8.60618 7.45629 8.82497 7.67508C9.04376 7.89388 9.16668 8.19062 9.16668 8.50004C9.16668 8.80946 9.04376 9.10621 8.82497 9.325C8.60618 9.54379 8.30943 9.66671 8.00001 9.66671ZM6.83334 12.5C6.83334 12.8095 6.95626 13.1062 7.17505 13.325C7.39384 13.5438 7.69059 13.6667 8.00001 13.6667C8.30943 13.6667 8.60618 13.5438 8.82497 13.325C9.04376 13.1062 9.16668 12.8095 9.16668 12.5C9.16668 12.1906 9.04376 11.8939 8.82497 11.6751C8.60618 11.4563 8.30943 11.3334 8.00001 11.3334C7.69059 11.3334 7.39384 11.4563 7.17505 11.6751C6.95626 11.8939 6.83334 12.1906 6.83334 12.5Z" fill="#232221"></path></svg></span></button></div></li></ul></div><ul class="category_wrap"><li class="category_info storage_type"><span class="dp_i_flex svg_box "><svg width="12" height="12" viewBox="0 0 12 12" fill="none" xmlns="http://www.w3.org/2000/svg"><path d="M5.875 1C5.97446 1 6.06984 1.03951 6.14016 1.10983C6.21049 1.18016 6.25 1.27554 6.25 1.375V2.9525L7.3165 1.8855C7.35133 1.85067 7.39269 1.82304 7.4382 1.80418C7.48371 1.78533 7.53249 1.77563 7.58175 1.77563C7.63101 1.77563 7.67979 1.78533 7.7253 1.80418C7.77081 1.82304 7.81217 1.85067 7.847 1.8855C7.88183 1.92033 7.90946 1.96169 7.92832 2.0072C7.94717 2.05271 7.95687 2.10149 7.95687 2.15075C7.95687 2.20001 7.94717 2.24879 7.92832 2.2943C7.90946 2.33981 7.88183 2.38117 7.847 2.416L6.25 4.013V5.5H7.737L9.334 3.903C9.40509 3.83676 9.49911 3.8007 9.59626 3.80241C9.69341 3.80413 9.7861 3.84348 9.85481 3.91219C9.92352 3.9809 9.96287 4.07359 9.96459 4.17074C9.9663 4.26789 9.93024 4.36191 9.864 4.433L8.798 5.5H10.3755C10.475 5.5 10.5703 5.53951 10.6407 5.60984C10.711 5.68016 10.7505 5.77554 10.7505 5.875C10.7505 5.97446 10.711 6.06984 10.6407 6.14016C10.5703 6.21049 10.475 6.25 10.3755 6.25H8.798L9.865 7.3165C9.89983 7.35133 9.92746 7.39269 9.94632 7.4382C9.96517 7.48371 9.97487 7.53249 9.97487 7.58175C9.97487 7.63101 9.96517 7.67979 9.94632 7.7253C9.92746 7.77081 9.89983 7.81217 9.865 7.847C9.83017 7.88183 9.78881 7.90946 9.7433 7.92832C9.69779 7.94717 9.64901 7.95687 9.59975 7.95687C9.55049 7.95687 9.50171 7.94717 9.4562 7.92832C9.41069 7.90946 9.36933 7.88183 9.3345 7.847L7.737 6.25H6.25V7.737L7.847 9.334C7.91324 9.40509 7.9493 9.49911 7.94759 9.59626C7.94587 9.69341 7.90652 9.7861 7.83781 9.85481C7.7691 9.92352 7.67641 9.96287 7.57926 9.96459C7.48211 9.9663 7.38809 9.93024 7.317 9.864L6.25 8.798V10.3755C6.25 10.475 6.21049 10.5703 6.14016 10.6407C6.06984 10.711 5.97446 10.7505 5.875 10.7505C5.77554 10.7505 5.68016 10.711 5.60984 10.6407C5.53951 10.5703 5.5 10.475 5.5 10.3755V8.798L4.4335 9.865C4.39867 9.89983 4.35731 9.92746 4.3118 9.94632C4.26629 9.96517 4.21751 9.97487 4.16825 9.97487C4.11899 9.97487 4.07021 9.96517 4.0247 9.94632C3.97919 9.92746 3.93783 9.89983 3.903 9.865C3.86817 9.83017 3.84054 9.78881 3.82168 9.7433C3.80283 9.69779 3.79313 9.64901 3.79313 9.59975C3.79313 9.55049 3.80283 9.50171 3.82168 9.4562C3.84054 9.41069 3.86817 9.36933 3.903 9.3345L5.5 7.737V6.25H4.013L2.416 7.847C2.34491 7.91324 2.25089 7.9493 2.15374 7.94759C2.05659 7.94587 1.9639 7.90652 1.89519 7.83781C1.82648 7.7691 1.78713 7.67641 1.78541 7.57926C1.7837 7.48211 1.81976 7.38809 1.886 7.317L2.952 6.25H1.375C1.27554 6.25 1.18016 6.21049 1.10983 6.14016C1.03951 6.06984 1 5.97446 1 5.875C1 5.77554 1.03951 5.68016 1.10983 5.60984C1.18016 5.53951 1.27554 5.5 1.375 5.5H2.9525L1.885 4.4335C1.81465 4.36315 1.77513 4.26774 1.77513 4.16825C1.77513 4.06876 1.81465 3.97335 1.885 3.903C1.95535 3.83265 2.05076 3.79313 2.15025 3.79313C2.24974 3.79313 2.34515 3.83265 2.4155 3.903L4.013 5.5H5.5V4.013L3.903 2.416C3.86616 2.38167 3.83661 2.34027 3.81611 2.29427C3.79561 2.24827 3.78459 2.19861 3.7837 2.14826C3.78282 2.09791 3.79208 2.0479 3.81094 2.0012C3.8298 1.95451 3.85787 1.91209 3.89348 1.87648C3.92909 1.84087 3.97151 1.8128 4.0182 1.79394C4.0649 1.77508 4.11491 1.76582 4.16526 1.7667C4.21561 1.76759 4.26527 1.77861 4.31127 1.79911C4.35727 1.81961 4.39867 1.84916 4.433 1.886L5.5 2.952V1.375C5.5 1.27554 5.53951 1.18016 5.60984 1.10983C5.68016 1.03951 5.77554 1 5.875 1Z" fill="#318CF7"></path></svg></span><span class="txt_box" style="color:#318CF7">냉동</span></li><li class="category_info flex_all_center gap_2"><span class="txt_box">수입소</span><span class="dp_i_flex svg_box "><svg xmlns="http://www.w3.org/2000/svg" width="8" height="8" viewBox="0 0 12 12" fill="none"><path d="M4.14678 2.14652C4.05305 2.24028 4.00039 2.36743 4.00039 2.50002C4.00039 2.6326 4.05305 2.75975 4.14678 2.85352L7.29328 6.00002L4.14678 9.14651C4.09903 9.19264 4.06094 9.24781 4.03473 9.30881C4.00853 9.36981 3.99474 9.43543 3.99416 9.50181C3.99358 9.5682 4.00623 9.63404 4.03137 9.69549C4.05651 9.75694 4.09364 9.81277 4.14059 9.85971C4.18753 9.90666 4.24336 9.94379 4.30481 9.96893C4.36626 9.99407 4.4321 10.0067 4.49849 10.0061C4.56487 10.0056 4.63048 9.99177 4.69149 9.96557C4.75249 9.93936 4.80766 9.90127 4.85378 9.85352L8.35379 6.35352C8.44752 6.25975 8.50018 6.1326 8.50018 6.00002C8.50018 5.86743 8.44752 5.74028 8.35379 5.64652L4.85378 2.14652C4.76002 2.05278 4.63287 2.00012 4.50028 2.00012C4.3677 2.00012 4.24055 2.05278 4.14678 2.14652Z" fill="#BABEC4"></path></svg></span><span class="txt_box">세절&amp;분쇄</span></li></ul><p class="product_name">[소량/슬라이스] 부채살2mm - 호주 | 킬코이 - GF</p><span class="sample_grey_text">구이용/샤브샤브용 3kg(1kg*3ea)</span><div class="price_wrap"><span class="price_info"><em>53,070원</em></span><span class="price_unit">100g당 1,769원 | 총 3,000g</span></div><div class="txt_label_wrap"><span class="txt_area_label label--warm"><span class="label__text">택배</span></span></div><ul class="rating_wrap"><li class="rating_star"><span class="dp_i_flex svg_box "><svg width="12" height="12" viewBox="0 0 16 17" fill="none" xmlns="http://www.w3.org/2000/svg"><path d="M3.91761 15.2225C4.16353 15.4174 4.47604 15.3483 4.84825 15.0654L8.02416 12.6269L11.2062 15.0654C11.5784 15.3483 11.8845 15.4174 12.1369 15.2225C12.3828 15.0276 12.4371 14.7071 12.287 14.2483L11.032 10.3393L14.2382 7.92602C14.6104 7.64956 14.7605 7.36023 14.6644 7.04624C14.5684 6.74457 14.2861 6.59361 13.8239 6.60004L9.89133 6.62498L8.69659 2.6972C8.55262 2.23224 8.33668 1.99976 8.02416 1.99976C7.71804 1.99976 7.50184 2.23224 7.35762 2.6972L6.16288 6.62498L2.23052 6.60004C1.76815 6.59361 1.48611 6.74457 1.39005 7.04624C1.28784 7.3605 1.44384 7.64956 1.81631 7.92602L5.02218 10.3393L3.7675 14.2483C3.61739 14.7071 3.67144 15.0276 3.91761 15.2225Z" fill="#FFC42F"></path></svg></span><span class="txt_box">4.3</span></li><li><span class="txt_box">재고 <!-- -->4</span></li></ul></div></div></div></div><div class="swiper-slide"><div class="bgInherit" style="cursor:pointer"><div role="button" class="product_card type1 stack_vertical false"><div class="img_wrap"><div class="bg_wrap"><p class="absolute_full"><img alt="상품_섬네일_이미지" loading="lazy" width="500" height="500" decoding="async" data-nimg="1" class="full_image" style="color:transparent" src="https://img-cdn.meatbox.co.kr/m/images/itemImage/2025/04/02/14/18/mo_thumb_productThumbnail_139751_20250402141854.jpg"/></p><div class="label_area" style="cursor:pointer"><div class="none_style_btn cart_button"><button class="clear_button " type="button"><div class="p_relative util_item"><span class="dp_i_flex svg_box "><svg width="32" height="32" viewBox="0 0 32 32" fill="none" xmlns="http://www.w3.org/2000/svg"><path d="M0 16C0 7.16344 7.16344 0 16 0C24.8366 0 32 7.16344 32 16C32 24.8366 24.8366 32 16 32C7.16344 32 0 24.8366 0 16Z" fill="#232221" fill-opacity="0.5"></path><path fill-rule="evenodd" clip-rule="evenodd" d="M8.32286 7.90084C8.65386 7.80292 9.00157 7.99187 9.09949 8.32286L9.55871 9.87516H21.7702C23.3041 9.87516 24.4742 11.305 24.0321 12.8005L22.6537 17.4672C22.359 18.4613 21.4274 19.1252 20.3918 19.1252H12.7602C11.7241 19.1252 10.7914 18.4613 10.4975 17.4674L7.90084 8.67746C7.80292 8.34647 7.99187 7.99876 8.32286 7.90084ZM9.92806 11.1252L11.6962 17.1129C11.8256 17.5507 12.2513 17.8752 12.7602 17.8752H20.3918C20.8994 17.8752 21.3246 17.5519 21.455 17.1129L22.8333 12.4465C23.0209 11.8121 22.5328 11.1252 21.7702 11.1252H9.92806ZM11.7577 20.9243C12.1093 20.5727 12.5862 20.3752 13.0835 20.3752C13.5808 20.3752 14.0577 20.5727 14.4093 20.9243C14.761 21.276 14.9585 21.7529 14.9585 22.2502C14.9585 22.7474 14.761 23.2244 14.4093 23.576C14.0577 23.9276 13.5808 24.1252 13.0835 24.1252C12.5862 24.1252 12.1093 23.9276 11.7577 23.576C11.406 23.2244 11.2085 22.7474 11.2085 22.2502C11.2085 21.7529 11.406 21.276 11.7577 20.9243ZM13.0835 21.6252C12.9177 21.6252 12.7588 21.691 12.6416 21.8082C12.5243 21.9254 12.4585 22.0844 12.4585 22.2502C12.4585 22.4159 12.5243 22.5749 12.6416 22.6921C12.7588 22.8093 12.9177 22.8752 13.0835 22.8752C13.2493 22.8752 13.4082 22.8093 13.5254 22.6921C13.6426 22.5749 13.7085 22.4159 13.7085 22.2502C13.7085 22.0844 13.6426 21.9254 13.5254 21.8082C13.4082 21.691 13.2493 21.6252 13.0835 21.6252ZM18.4243 20.9243C18.776 20.5727 19.2529 20.3752 19.7502 20.3752C20.2474 20.3752 20.7244 20.5727 21.076 20.9243C21.4276 21.276 21.6252 21.7529 21.6252 22.2502C21.6252 22.7474 21.4276 23.2244 21.076 23.576C20.7244 23.9276 20.2474 24.1252 19.7502 24.1252C19.2529 24.1252 18.776 23.9276 18.4243 23.576C18.0727 23.2244 17.8752 22.7474 17.8752 22.2502C17.8752 21.7529 18.0727 21.276 18.4243 20.9243ZM19.7502 21.6252C19.5844 21.6252 19.4254 21.691 19.3082 21.8082C19.191 21.9254 19.1252 22.0844 19.1252 22.2502C19.1252 22.4159 19.191 22.5749 19.3082 22.6921C19.4254 22.8093 19.5844 22.8752 19.7502 22.8752C19.9159 22.8752 20.0749 22.8093 20.1921 22.6921C20.3093 22.5749 20.3752 22.4159 20.3752 22.2502C20.3752 22.0844 20.3093 21.9254 20.1921 21.8082C20.0749 21.691 19.9159 21.6252 19.7502 21.6252Z" fill="white"></path></svg></span></div><span class="txt_box sr-only">장바구니버튼</span></button></div></div></div></div><div class="txt_wrap mt_8" style="overflow:hidden"><div class="flex_side"><button class="none_style_btn btn_brand_name"><span class="txt_box">킬코이</span></button><ul class="icon_list"><li class="tooltip_area p_relative swiper-no-swiping"><div id="__MoreInfoButton__"><button class="none_style_btn"><span class="dp_i_flex svg_box "><svg width="16" height="16" viewBox="0 0 16 17" fill="none" xmlns="http://www.w3.org/2000/svg"><path d="M8.00001 5.66671C7.8468 5.66671 7.69509 5.63653 7.55355 5.5779C7.412 5.51927 7.28339 5.43333 7.17505 5.325C7.06672 5.21666 6.98078 5.08805 6.92215 4.9465C6.86352 4.80496 6.83334 4.65325 6.83334 4.50004C6.83334 4.34683 6.86352 4.19512 6.92215 4.05358C6.98078 3.91203 7.06672 3.78342 7.17505 3.67508C7.28339 3.56675 7.412 3.48081 7.55355 3.42218C7.69509 3.36355 7.8468 3.33337 8.00001 3.33337C8.30943 3.33337 8.60618 3.45629 8.82497 3.67508C9.04376 3.89388 9.16668 4.19062 9.16668 4.50004C9.16668 4.80946 9.04376 5.10621 8.82497 5.325C8.60618 5.54379 8.30943 5.66671 8.00001 5.66671ZM8.00001 9.66671C7.69059 9.66671 7.39384 9.54379 7.17505 9.325C6.95626 9.10621 6.83334 8.80946 6.83334 8.50004C6.83334 8.19062 6.95626 7.89388 7.17505 7.67508C7.39384 7.45629 7.69059 7.33337 8.00001 7.33337C8.30943 7.33337 8.60618 7.45629 8.82497 7.67508C9.04376 7.89388 9.16668 8.19062 9.16668 8.50004C9.16668 8.80946 9.04376 9.10621 8.82497 9.325C8.60618 9.54379 8.30943 9.66671 8.00001 9.66671ZM6.83334 12.5C6.83334 12.8095 6.95626 13.1062 7.17505 13.325C7.39384 13.5438 7.69059 13.6667 8.00001 13.6667C8.30943 13.6667 8.60618 13.5438 8.82497 13.325C9.04376 13.1062 9.16668 12.8095 9.16668 12.5C9.16668 12.1906 9.04376 11.8939 8.82497 11.6751C8.60618 11.4563 8.30943 11.3334 8.00001 11.3334C7.69059 11.3334 7.39384 11.4563 7.17505 11.6751C6.95626 11.8939 6.83334 12.1906 6.83334 12.5Z" fill="#232221"></path></svg></span></button></div></li></ul></div><ul class="category_wrap"><li class="category_info storage_type"><span class="dp_i_flex svg_box "><svg width="12" height="12" viewBox="0 0 12 12" fill="none" xmlns="http://www.w3.org/2000/svg"><path d="M5.875 1C5.97446 1 6.06984 1.03951 6.14016 1.10983C6.21049 1.18016 6.25 1.27554 6.25 1.375V2.9525L7.3165 1.8855C7.35133 1.85067 7.39269 1.82304 7.4382 1.80418C7.48371 1.78533 7.53249 1.77563 7.58175 1.77563C7.63101 1.77563 7.67979 1.78533 7.7253 1.80418C7.77081 1.82304 7.81217 1.85067 7.847 1.8855C7.88183 1.92033 7.90946 1.96169 7.92832 2.0072C7.94717 2.05271 7.95687 2.10149 7.95687 2.15075C7.95687 2.20001 7.94717 2.24879 7.92832 2.2943C7.90946 2.33981 7.88183 2.38117 7.847 2.416L6.25 4.013V5.5H7.737L9.334 3.903C9.40509 3.83676 9.49911 3.8007 9.59626 3.80241C9.69341 3.80413 9.7861 3.84348 9.85481 3.91219C9.92352 3.9809 9.96287 4.07359 9.96459 4.17074C9.9663 4.26789 9.93024 4.36191 9.864 4.433L8.798 5.5H10.3755C10.475 5.5 10.5703 5.53951 10.6407 5.60984C10.711 5.68016 10.7505 5.77554 10.7505 5.875C10.7505 5.97446 10.711 6.06984 10.6407 6.14016C10.5703 6.21049 10.475 6.25 10.3755 6.25H8.798L9.865 7.3165C9.89983 7.35133 9.92746 7.39269 9.94632 7.4382C9.96517 7.48371 9.97487 7.53249 9.97487 7.58175C9.97487 7.63101 9.96517 7.67979 9.94632 7.7253C9.92746 7.77081 9.89983 7.81217 9.865 7.847C9.83017 7.88183 9.78881 7.90946 9.7433 7.92832C9.69779 7.94717 9.64901 7.95687 9.59975 7.95687C9.55049 7.95687 9.50171 7.94717 9.4562 7.92832C9.41069 7.90946 9.36933 7.88183 9.3345 7.847L7.737 6.25H6.25V7.737L7.847 9.334C7.91324 9.40509 7.9493 9.49911 7.94759 9.59626C7.94587 9.69341 7.90652 9.7861 7.83781 9.85481C7.7691 9.92352 7.67641 9.96287 7.57926 9.96459C7.48211 9.9663 7.38809 9.93024 7.317 9.864L6.25 8.798V10.3755C6.25 10.475 6.21049 10.5703 6.14016 10.6407C6.06984 10.711 5.97446 10.7505 5.875 10.7505C5.77554 10.7505 5.68016 10.711 5.60984 10.6407C5.53951 10.5703 5.5 10.475 5.5 10.3755V8.798L4.4335 9.865C4.39867 9.89983 4.35731 9.92746 4.3118 9.94632C4.26629 9.96517 4.21751 9.97487 4.16825 9.97487C4.11899 9.97487 4.07021 9.96517 4.0247 9.94632C3.97919 9.92746 3.93783 9.89983 3.903 9.865C3.86817 9.83017 3.84054 9.78881 3.82168 9.7433C3.80283 9.69779 3.79313 9.64901 3.79313 9.59975C3.79313 9.55049 3.80283 9.50171 3.82168 9.4562C3.84054 9.41069 3.86817 9.36933 3.903 9.3345L5.5 7.737V6.25H4.013L2.416 7.847C2.34491 7.91324 2.25089 7.9493 2.15374 7.94759C2.05659 7.94587 1.9639 7.90652 1.89519 7.83781C1.82648 7.7691 1.78713 7.67641 1.78541 7.57926C1.7837 7.48211 1.81976 7.38809 1.886 7.317L2.952 6.25H1.375C1.27554 6.25 1.18016 6.21049 1.10983 6.14016C1.03951 6.06984 1 5.97446 1 5.875C1 5.77554 1.03951 5.68016 1.10983 5.60984C1.18016 5.53951 1.27554 5.5 1.375 5.5H2.9525L1.885 4.4335C1.81465 4.36315 1.77513 4.26774 1.77513 4.16825C1.77513 4.06876 1.81465 3.97335 1.885 3.903C1.95535 3.83265 2.05076 3.79313 2.15025 3.79313C2.24974 3.79313 2.34515 3.83265 2.4155 3.903L4.013 5.5H5.5V4.013L3.903 2.416C3.86616 2.38167 3.83661 2.34027 3.81611 2.29427C3.79561 2.24827 3.78459 2.19861 3.7837 2.14826C3.78282 2.09791 3.79208 2.0479 3.81094 2.0012C3.8298 1.95451 3.85787 1.91209 3.89348 1.87648C3.92909 1.84087 3.97151 1.8128 4.0182 1.79394C4.0649 1.77508 4.11491 1.76582 4.16526 1.7667C4.21561 1.76759 4.26527 1.77861 4.31127 1.79911C4.35727 1.81961 4.39867 1.84916 4.433 1.886L5.5 2.952V1.375C5.5 1.27554 5.53951 1.18016 5.60984 1.10983C5.68016 1.03951 5.77554 1 5.875 1Z" fill="#318CF7"></path></svg></span><span class="txt_box" style="color:#318CF7">냉동</span></li><li class="category_info flex_all_center gap_2"><span class="txt_box">수입소</span><span class="dp_i_flex svg_box "><svg xmlns="http://www.w3.org/2000/svg" width="8" height="8" viewBox="0 0 12 12" fill="none"><path d="M4.14678 2.14652C4.05305 2.24028 4.00039 2.36743 4.00039 2.50002C4.00039 2.6326 4.05305 2.75975 4.14678 2.85352L7.29328 6.00002L4.14678 9.14651C4.09903 9.19264 4.06094 9.24781 4.03473 9.30881C4.00853 9.36981 3.99474 9.43543 3.99416 9.50181C3.99358 9.5682 4.00623 9.63404 4.03137 9.69549C4.05651 9.75694 4.09364 9.81277 4.14059 9.85971C4.18753 9.90666 4.24336 9.94379 4.30481 9.96893C4.36626 9.99407 4.4321 10.0067 4.49849 10.0061C4.56487 10.0056 4.63048 9.99177 4.69149 9.96557C4.75249 9.93936 4.80766 9.90127 4.85378 9.85352L8.35379 6.35352C8.44752 6.25975 8.50018 6.1326 8.50018 6.00002C8.50018 5.86743 8.44752 5.74028 8.35379 5.64652L4.85378 2.14652C4.76002 2.05278 4.63287 2.00012 4.50028 2.00012C4.3677 2.00012 4.24055 2.05278 4.14678 2.14652Z" fill="#BABEC4"></path></svg></span><span class="txt_box">세절&amp;분쇄</span></li></ul><p class="product_name">[업소용/슬라이스] 부채살2mm - 호주 | 킬코이 - GF</p><span class="sample_grey_text">구이용/샤브샤브용 20kg(1kg*20ea)</span><div class="price_wrap"><span class="price_info"><em>337,600원</em></span><span class="price_unit">kg당 16,880원 | 총 20kg</span></div><div class="txt_label_wrap"><span class="txt_area_label label--freshPack"><span class="label__text">신선배송</span></span></div><ul class="rating_wrap"><li class="rating_star"><span class="dp_i_flex svg_box "><svg width="12" height="12" viewBox="0 0 16 17" fill="none" xmlns="http://www.w3.org/2000/svg"><path d="M3.91761 15.2225C4.16353 15.4174 4.47604 15.3483 4.84825 15.0654L8.02416 12.6269L11.2062 15.0654C11.5784 15.3483 11.8845 15.4174 12.1369 15.2225C12.3828 15.0276 12.4371 14.7071 12.287 14.2483L11.032 10.3393L14.2382 7.92602C14.6104 7.64956 14.7605 7.36023 14.6644 7.04624C14.5684 6.74457 14.2861 6.59361 13.8239 6.60004L9.89133 6.62498L8.69659 2.6972C8.55262 2.23224 8.33668 1.99976 8.02416 1.99976C7.71804 1.99976 7.50184 2.23224 7.35762 2.6972L6.16288 6.62498L2.23052 6.60004C1.76815 6.59361 1.48611 6.74457 1.39005 7.04624C1.28784 7.3605 1.44384 7.64956 1.81631 7.92602L5.02218 10.3393L3.7675 14.2483C3.61739 14.7071 3.67144 15.0276 3.91761 15.2225Z" fill="#FFC42F"></path></svg></span><span class="txt_box">4.0</span></li><li><span class="txt_box">재고 <!-- -->19</span></li></ul></div></div></div></div><div class="swiper-slide"><div class="bgInherit" style="cursor:pointer"><div role="button" class="product_card type1 stack_vertical false"><div class="img_wrap"><div class="bg_wrap"><p class="absolute_full"><img alt="상품_섬네일_이미지" loading="lazy" width="500" height="500" decoding="async" data-nimg="1" class="full_image" style="color:transparent" src="https://img-cdn.meatbox.co.kr/m/images/itemImage/2025/04/01/10/38/mo_thumb_productThumbnail_139751_20250401103819.jpg"/></p><div class="label_area" style="cursor:pointer"><div class="none_style_btn cart_button"><button class="clear_button " type="button"><div class="p_relative util_item"><span class="dp_i_flex svg_box "><svg width="32" height="32" viewBox="0 0 32 32" fill="none" xmlns="http://www.w3.org/2000/svg"><path d="M0 16C0 7.16344 7.16344 0 16 0C24.8366 0 32 7.16344 32 16C32 24.8366 24.8366 32 16 32C7.16344 32 0 24.8366 0 16Z" fill="#232221" fill-opacity="0.5"></path><path fill-rule="evenodd" clip-rule="evenodd" d="M8.32286 7.90084C8.65386 7.80292 9.00157 7.99187 9.09949 8.32286L9.55871 9.87516H21.7702C23.3041 9.87516 24.4742 11.305 24.0321 12.8005L22.6537 17.4672C22.359 18.4613 21.4274 19.1252 20.3918 19.1252H12.7602C11.7241 19.1252 10.7914 18.4613 10.4975 17.4674L7.90084 8.67746C7.80292 8.34647 7.99187 7.99876 8.32286 7.90084ZM9.92806 11.1252L11.6962 17.1129C11.8256 17.5507 12.2513 17.8752 12.7602 17.8752H20.3918C20.8994 17.8752 21.3246 17.5519 21.455 17.1129L22.8333 12.4465C23.0209 11.8121 22.5328 11.1252 21.7702 11.1252H9.92806ZM11.7577 20.9243C12.1093 20.5727 12.5862 20.3752 13.0835 20.3752C13.5808 20.3752 14.0577 20.5727 14.4093 20.9243C14.761 21.276 14.9585 21.7529 14.9585 22.2502C14.9585 22.7474 14.761 23.2244 14.4093 23.576C14.0577 23.9276 13.5808 24.1252 13.0835 24.1252C12.5862 24.1252 12.1093 23.9276 11.7577 23.576C11.406 23.2244 11.2085 22.7474 11.2085 22.2502C11.2085 21.7529 11.406 21.276 11.7577 20.9243ZM13.0835 21.6252C12.9177 21.6252 12.7588 21.691 12.6416 21.8082C12.5243 21.9254 12.4585 22.0844 12.4585 22.2502C12.4585 22.4159 12.5243 22.5749 12.6416 22.6921C12.7588 22.8093 12.9177 22.8752 13.0835 22.8752C13.2493 22.8752 13.4082 22.8093 13.5254 22.6921C13.6426 22.5749 13.7085 22.4159 13.7085 22.2502C13.7085 22.0844 13.6426 21.9254 13.5254 21.8082C13.4082 21.691 13.2493 21.6252 13.0835 21.6252ZM18.4243 20.9243C18.776 20.5727 19.2529 20.3752 19.7502 20.3752C20.2474 20.3752 20.7244 20.5727 21.076 20.9243C21.4276 21.276 21.6252 21.7529 21.6252 22.2502C21.6252 22.7474 21.4276 23.2244 21.076 23.576C20.7244 23.9276 20.2474 24.1252 19.7502 24.1252C19.2529 24.1252 18.776 23.9276 18.4243 23.576C18.0727 23.2244 17.8752 22.7474 17.8752 22.2502C17.8752 21.7529 18.0727 21.276 18.4243 20.9243ZM19.7502 21.6252C19.5844 21.6252 19.4254 21.691 19.3082 21.8082C19.191 21.9254 19.1252 22.0844 19.1252 22.2502C19.1252 22.4159 19.191 22.5749 19.3082 22.6921C19.4254 22.8093 19.5844 22.8752 19.7502 22.8752C19.9159 22.8752 20.0749 22.8093 20.1921 22.6921C20.3093 22.5749 20.3752 22.4159 20.3752 22.2502C20.3752 22.0844 20.3093 21.9254 20.1921 21.8082C20.0749 21.691 19.9159 21.6252 19.7502 21.6252Z" fill="white"></path></svg></span></div><span class="txt_box sr-only">장바구니버튼</span></button></div></div></div></div><div class="txt_wrap mt_8" style="overflow:hidden"><div class="flex_side"><button class="none_style_btn btn_brand_name"><span class="txt_box">킬코이</span></button><ul class="icon_list"><li class="tooltip_area p_relative swiper-no-swiping"><div id="__MoreInfoButton__"><button class="none_style_btn"><span class="dp_i_flex svg_box "><svg width="16" height="16" viewBox="0 0 16 17" fill="none" xmlns="http://www.w3.org/2000/svg"><path d="M8.00001 5.66671C7.8468 5.66671 7.69509 5.63653 7.55355 5.5779C7.412 5.51927 7.28339 5.43333 7.17505 5.325C7.06672 5.21666 6.98078 5.08805 6.92215 4.9465C6.86352 4.80496 6.83334 4.65325 6.83334 4.50004C6.83334 4.34683 6.86352 4.19512 6.92215 4.05358C6.98078 3.91203 7.06672 3.78342 7.17505 3.67508C7.28339 3.56675 7.412 3.48081 7.55355 3.42218C7.69509 3.36355 7.8468 3.33337 8.00001 3.33337C8.30943 3.33337 8.60618 3.45629 8.82497 3.67508C9.04376 3.89388 9.16668 4.19062 9.16668 4.50004C9.16668 4.80946 9.04376 5.10621 8.82497 5.325C8.60618 5.54379 8.30943 5.66671 8.00001 5.66671ZM8.00001 9.66671C7.69059 9.66671 7.39384 9.54379 7.17505 9.325C6.95626 9.10621 6.83334 8.80946 6.83334 8.50004C6.83334 8.19062 6.95626 7.89388 7.17505 7.67508C7.39384 7.45629 7.69059 7.33337 8.00001 7.33337C8.30943 7.33337 8.60618 7.45629 8.82497 7.67508C9.04376 7.89388 9.16668 8.19062 9.16668 8.50004C9.16668 8.80946 9.04376 9.10621 8.82497 9.325C8.60618 9.54379 8.30943 9.66671 8.00001 9.66671ZM6.83334 12.5C6.83334 12.8095 6.95626 13.1062 7.17505 13.325C7.39384 13.5438 7.69059 13.6667 8.00001 13.6667C8.30943 13.6667 8.60618 13.5438 8.82497 13.325C9.04376 13.1062 9.16668 12.8095 9.16668 12.5C9.16668 12.1906 9.04376 11.8939 8.82497 11.6751C8.60618 11.4563 8.30943 11.3334 8.00001 11.3334C7.69059 11.3334 7.39384 11.4563 7.17505 11.6751C6.95626 11.8939 6.83334 12.1906 6.83334 12.5Z" fill="#232221"></path></svg></span></button></div></li></ul></div><ul class="category_wrap"><li class="category_info storage_type"><span class="dp_i_flex svg_box "><svg width="12" height="12" viewBox="0 0 12 12" fill="none" xmlns="http://www.w3.org/2000/svg"><path d="M5.875 1C5.97446 1 6.06984 1.03951 6.14016 1.10983C6.21049 1.18016 6.25 1.27554 6.25 1.375V2.9525L7.3165 1.8855C7.35133 1.85067 7.39269 1.82304 7.4382 1.80418C7.48371 1.78533 7.53249 1.77563 7.58175 1.77563C7.63101 1.77563 7.67979 1.78533 7.7253 1.80418C7.77081 1.82304 7.81217 1.85067 7.847 1.8855C7.88183 1.92033 7.90946 1.96169 7.92832 2.0072C7.94717 2.05271 7.95687 2.10149 7.95687 2.15075C7.95687 2.20001 7.94717 2.24879 7.92832 2.2943C7.90946 2.33981 7.88183 2.38117 7.847 2.416L6.25 4.013V5.5H7.737L9.334 3.903C9.40509 3.83676 9.49911 3.8007 9.59626 3.80241C9.69341 3.80413 9.7861 3.84348 9.85481 3.91219C9.92352 3.9809 9.96287 4.07359 9.96459 4.17074C9.9663 4.26789 9.93024 4.36191 9.864 4.433L8.798 5.5H10.3755C10.475 5.5 10.5703 5.53951 10.6407 5.60984C10.711 5.68016 10.7505 5.77554 10.7505 5.875C10.7505 5.97446 10.711 6.06984 10.6407 6.14016C10.5703 6.21049 10.475 6.25 10.3755 6.25H8.798L9.865 7.3165C9.89983 7.35133 9.92746 7.39269 9.94632 7.4382C9.96517 7.48371 9.97487 7.53249 9.97487 7.58175C9.97487 7.63101 9.96517 7.67979 9.94632 7.7253C9.92746 7.77081 9.89983 7.81217 9.865 7.847C9.83017 7.88183 9.78881 7.90946 9.7433 7.92832C9.69779 7.94717 9.64901 7.95687 9.59975 7.95687C9.55049 7.95687 9.50171 7.94717 9.4562 7.92832C9.41069 7.90946 9.36933 7.88183 9.3345 7.847L7.737 6.25H6.25V7.737L7.847 9.334C7.91324 9.40509 7.9493 9.49911 7.94759 9.59626C7.94587 9.69341 7.90652 9.7861 7.83781 9.85481C7.7691 9.92352 7.67641 9.96287 7.57926 9.96459C7.48211 9.9663 7.38809 9.93024 7.317 9.864L6.25 8.798V10.3755C6.25 10.475 6.21049 10.5703 6.14016 10.6407C6.06984 10.711 5.97446 10.7505 5.875 10.7505C5.77554 10.7505 5.68016 10.711 5.60984 10.6407C5.53951 10.5703 5.5 10.475 5.5 10.3755V8.798L4.4335 9.865C4.39867 9.89983 4.35731 9.92746 4.3118 9.94632C4.26629 9.96517 4.21751 9.97487 4.16825 9.97487C4.11899 9.97487 4.07021 9.96517 4.0247 9.94632C3.97919 9.92746 3.93783 9.89983 3.903 9.865C3.86817 9.83017 3.84054 9.78881 3.82168 9.7433C3.80283 9.69779 3.79313 9.64901 3.79313 9.59975C3.79313 9.55049 3.80283 9.50171 3.82168 9.4562C3.84054 9.41069 3.86817 9.36933 3.903 9.3345L5.5 7.737V6.25H4.013L2.416 7.847C2.34491 7.91324 2.25089 7.9493 2.15374 7.94759C2.05659 7.94587 1.9639 7.90652 1.89519 7.83781C1.82648 7.7691 1.78713 7.67641 1.78541 7.57926C1.7837 7.48211 1.81976 7.38809 1.886 7.317L2.952 6.25H1.375C1.27554 6.25 1.18016 6.21049 1.10983 6.14016C1.03951 6.06984 1 5.97446 1 5.875C1 5.77554 1.03951 5.68016 1.10983 5.60984C1.18016 5.53951 1.27554 5.5 1.375 5.5H2.9525L1.885 4.4335C1.81465 4.36315 1.77513 4.26774 1.77513 4.16825C1.77513 4.06876 1.81465 3.97335 1.885 3.903C1.95535 3.83265 2.05076 3.79313 2.15025 3.79313C2.24974 3.79313 2.34515 3.83265 2.4155 3.903L4.013 5.5H5.5V4.013L3.903 2.416C3.86616 2.38167 3.83661 2.34027 3.81611 2.29427C3.79561 2.24827 3.78459 2.19861 3.7837 2.14826C3.78282 2.09791 3.79208 2.0479 3.81094 2.0012C3.8298 1.95451 3.85787 1.91209 3.89348 1.87648C3.92909 1.84087 3.97151 1.8128 4.0182 1.79394C4.0649 1.77508 4.11491 1.76582 4.16526 1.7667C4.21561 1.76759 4.26527 1.77861 4.31127 1.79911C4.35727 1.81961 4.39867 1.84916 4.433 1.886L5.5 2.952V1.375C5.5 1.27554 5.53951 1.18016 5.60984 1.10983C5.68016 1.03951 5.77554 1 5.875 1Z" fill="#318CF7"></path></svg></span><span class="txt_box" style="color:#318CF7">냉동</span></li><li class="category_info flex_all_center gap_2"><span class="txt_box">수입소</span><span class="dp_i_flex svg_box "><svg xmlns="http://www.w3.org/2000/svg" width="8" height="8" viewBox="0 0 12 12" fill="none"><path d="M4.14678 2.14652C4.05305 2.24028 4.00039 2.36743 4.00039 2.50002C4.00039 2.6326 4.05305 2.75975 4.14678 2.85352L7.29328 6.00002L4.14678 9.14651C4.09903 9.19264 4.06094 9.24781 4.03473 9.30881C4.00853 9.36981 3.99474 9.43543 3.99416 9.50181C3.99358 9.5682 4.00623 9.63404 4.03137 9.69549C4.05651 9.75694 4.09364 9.81277 4.14059 9.85971C4.18753 9.90666 4.24336 9.94379 4.30481 9.96893C4.36626 9.99407 4.4321 10.0067 4.49849 10.0061C4.56487 10.0056 4.63048 9.99177 4.69149 9.96557C4.75249 9.93936 4.80766 9.90127 4.85378 9.85352L8.35379 6.35352C8.44752 6.25975 8.50018 6.1326 8.50018 6.00002C8.50018 5.86743 8.44752 5.74028 8.35379 5.64652L4.85378 2.14652C4.76002 2.05278 4.63287 2.00012 4.50028 2.00012C4.3677 2.00012 4.24055 2.05278 4.14678 2.14652Z" fill="#BABEC4"></path></svg></span><span class="txt_box">세절&amp;분쇄</span></li></ul><p class="product_name">[업소용/돌돌이] 앞다리/전각2mm - 호주 | 킬코이 - GF</p><span class="sample_grey_text">구이용/샤브샤브용 10kg(2.5kg*4ea)</span><div class="price_wrap"><span class="price_info"><em>141,800원</em></span><span class="price_unit">kg당 14,180원 | 총 10kg</span></div><div class="txt_label_wrap"><span class="txt_area_label label--freshPack"><span class="label__text">신선배송</span></span></div><ul class="rating_wrap"><li><span class="txt_box">재고 <!-- -->31</span></li></ul></div></div></div></div><div class="swiper-slide"><div class="bgInherit" style="cursor:pointer"><div role="button" class="product_card type1 stack_vertical false"><div class="img_wrap"><div class="bg_wrap"><p class="absolute_full"><img alt="상품_섬네일_이미지" loading="lazy" width="500" height="500" decoding="async" data-nimg="1" class="full_image" style="color:transparent" src="https://img-cdn.meatbox.co.kr/m/images/itemImage/2025/03/28/15/54/mo_thumb_productThumbnail_139751_20250328155423.jpg"/></p><div class="label_area" style="cursor:pointer"><div class="none_style_btn cart_button"><button class="clear_button " type="button"><div class="p_relative util_item"><span class="dp_i_flex svg_box "><svg width="32" height="32" viewBox="0 0 32 32" fill="none" xmlns="http://www.w3.org/2000/svg"><path d="M0 16C0 7.16344 7.16344 0 16 0C24.8366 0 32 7.16344 32 16C32 24.8366 24.8366 32 16 32C7.16344 32 0 24.8366 0 16Z" fill="#232221" fill-opacity="0.5"></path><path fill-rule="evenodd" clip-rule="evenodd" d="M8.32286 7.90084C8.65386 7.80292 9.00157 7.99187 9.09949 8.32286L9.55871 9.87516H21.7702C23.3041 9.87516 24.4742 11.305 24.0321 12.8005L22.6537 17.4672C22.359 18.4613 21.4274 19.1252 20.3918 19.1252H12.7602C11.7241 19.1252 10.7914 18.4613 10.4975 17.4674L7.90084 8.67746C7.80292 8.34647 7.99187 7.99876 8.32286 7.90084ZM9.92806 11.1252L11.6962 17.1129C11.8256 17.5507 12.2513 17.8752 12.7602 17.8752H20.3918C20.8994 17.8752 21.3246 17.5519 21.455 17.1129L22.8333 12.4465C23.0209 11.8121 22.5328 11.1252 21.7702 11.1252H9.92806ZM11.7577 20.9243C12.1093 20.5727 12.5862 20.3752 13.0835 20.3752C13.5808 20.3752 14.0577 20.5727 14.4093 20.9243C14.761 21.276 14.9585 21.7529 14.9585 22.2502C14.9585 22.7474 14.761 23.2244 14.4093 23.576C14.0577 23.9276 13.5808 24.1252 13.0835 24.1252C12.5862 24.1252 12.1093 23.9276 11.7577 23.576C11.406 23.2244 11.2085 22.7474 11.2085 22.2502C11.2085 21.7529 11.406 21.276 11.7577 20.9243ZM13.0835 21.6252C12.9177 21.6252 12.7588 21.691 12.6416 21.8082C12.5243 21.9254 12.4585 22.0844 12.4585 22.2502C12.4585 22.4159 12.5243 22.5749 12.6416 22.6921C12.7588 22.8093 12.9177 22.8752 13.0835 22.8752C13.2493 22.8752 13.4082 22.8093 13.5254 22.6921C13.6426 22.5749 13.7085 22.4159 13.7085 22.2502C13.7085 22.0844 13.6426 21.9254 13.5254 21.8082C13.4082 21.691 13.2493 21.6252 13.0835 21.6252ZM18.4243 20.9243C18.776 20.5727 19.2529 20.3752 19.7502 20.3752C20.2474 20.3752 20.7244 20.5727 21.076 20.9243C21.4276 21.276 21.6252 21.7529 21.6252 22.2502C21.6252 22.7474 21.4276 23.2244 21.076 23.576C20.7244 23.9276 20.2474 24.1252 19.7502 24.1252C19.2529 24.1252 18.776 23.9276 18.4243 23.576C18.0727 23.2244 17.8752 22.7474 17.8752 22.2502C17.8752 21.7529 18.0727 21.276 18.4243 20.9243ZM19.7502 21.6252C19.5844 21.6252 19.4254 21.691 19.3082 21.8082C19.191 21.9254 19.1252 22.0844 19.1252 22.2502C19.1252 22.4159 19.191 22.5749 19.3082 22.6921C19.4254 22.8093 19.5844 22.8752 19.7502 22.8752C19.9159 22.8752 20.0749 22.8093 20.1921 22.6921C20.3093 22.5749 20.3752 22.4159 20.3752 22.2502C20.3752 22.0844 20.3093 21.9254 20.1921 21.8082C20.0749 21.691 19.9159 21.6252 19.7502 21.6252Z" fill="white"></path></svg></span></div><span class="txt_box sr-only">장바구니버튼</span></button></div></div></div></div><div class="txt_wrap mt_8" style="overflow:hidden"><div class="flex_side"><button class="none_style_btn btn_brand_name"><span class="txt_box">그린마운틴</span></button><ul class="icon_list"><li class="tooltip_area p_relative swiper-no-swiping"><div id="__MoreInfoButton__"><button class="none_style_btn"><span class="dp_i_flex svg_box "><svg width="16" height="16" viewBox="0 0 16 17" fill="none" xmlns="http://www.w3.org/2000/svg"><path d="M8.00001 5.66671C7.8468 5.66671 7.69509 5.63653 7.55355 5.5779C7.412 5.51927 7.28339 5.43333 7.17505 5.325C7.06672 5.21666 6.98078 5.08805 6.92215 4.9465C6.86352 4.80496 6.83334 4.65325 6.83334 4.50004C6.83334 4.34683 6.86352 4.19512 6.92215 4.05358C6.98078 3.91203 7.06672 3.78342 7.17505 3.67508C7.28339 3.56675 7.412 3.48081 7.55355 3.42218C7.69509 3.36355 7.8468 3.33337 8.00001 3.33337C8.30943 3.33337 8.60618 3.45629 8.82497 3.67508C9.04376 3.89388 9.16668 4.19062 9.16668 4.50004C9.16668 4.80946 9.04376 5.10621 8.82497 5.325C8.60618 5.54379 8.30943 5.66671 8.00001 5.66671ZM8.00001 9.66671C7.69059 9.66671 7.39384 9.54379 7.17505 9.325C6.95626 9.10621 6.83334 8.80946 6.83334 8.50004C6.83334 8.19062 6.95626 7.89388 7.17505 7.67508C7.39384 7.45629 7.69059 7.33337 8.00001 7.33337C8.30943 7.33337 8.60618 7.45629 8.82497 7.67508C9.04376 7.89388 9.16668 8.19062 9.16668 8.50004C9.16668 8.80946 9.04376 9.10621 8.82497 9.325C8.60618 9.54379 8.30943 9.66671 8.00001 9.66671ZM6.83334 12.5C6.83334 12.8095 6.95626 13.1062 7.17505 13.325C7.39384 13.5438 7.69059 13.6667 8.00001 13.6667C8.30943 13.6667 8.60618 13.5438 8.82497 13.325C9.04376 13.1062 9.16668 12.8095 9.16668 12.5C9.16668 12.1906 9.04376 11.8939 8.82497 11.6751C8.60618 11.4563 8.30943 11.3334 8.00001 11.3334C7.69059 11.3334 7.39384 11.4563 7.17505 11.6751C6.95626 11.8939 6.83334 12.1906 6.83334 12.5Z" fill="#232221"></path></svg></span></button></div></li></ul></div><ul class="category_wrap"><li class="category_info storage_type"><span class="dp_i_flex svg_box "><svg width="12" height="12" viewBox="0 0 12 12" fill="none" xmlns="http://www.w3.org/2000/svg"><path d="M5.875 1C5.97446 1 6.06984 1.03951 6.14016 1.10983C6.21049 1.18016 6.25 1.27554 6.25 1.375V2.9525L7.3165 1.8855C7.35133 1.85067 7.39269 1.82304 7.4382 1.80418C7.48371 1.78533 7.53249 1.77563 7.58175 1.77563C7.63101 1.77563 7.67979 1.78533 7.7253 1.80418C7.77081 1.82304 7.81217 1.85067 7.847 1.8855C7.88183 1.92033 7.90946 1.96169 7.92832 2.0072C7.94717 2.05271 7.95687 2.10149 7.95687 2.15075C7.95687 2.20001 7.94717 2.24879 7.92832 2.2943C7.90946 2.33981 7.88183 2.38117 7.847 2.416L6.25 4.013V5.5H7.737L9.334 3.903C9.40509 3.83676 9.49911 3.8007 9.59626 3.80241C9.69341 3.80413 9.7861 3.84348 9.85481 3.91219C9.92352 3.9809 9.96287 4.07359 9.96459 4.17074C9.9663 4.26789 9.93024 4.36191 9.864 4.433L8.798 5.5H10.3755C10.475 5.5 10.5703 5.53951 10.6407 5.60984C10.711 5.68016 10.7505 5.77554 10.7505 5.875C10.7505 5.97446 10.711 6.06984 10.6407 6.14016C10.5703 6.21049 10.475 6.25 10.3755 6.25H8.798L9.865 7.3165C9.89983 7.35133 9.92746 7.39269 9.94632 7.4382C9.96517 7.48371 9.97487 7.53249 9.97487 7.58175C9.97487 7.63101 9.96517 7.67979 9.94632 7.7253C9.92746 7.77081 9.89983 7.81217 9.865 7.847C9.83017 7.88183 9.78881 7.90946 9.7433 7.92832C9.69779 7.94717 9.64901 7.95687 9.59975 7.95687C9.55049 7.95687 9.50171 7.94717 9.4562 7.92832C9.41069 7.90946 9.36933 7.88183 9.3345 7.847L7.737 6.25H6.25V7.737L7.847 9.334C7.91324 9.40509 7.9493 9.49911 7.94759 9.59626C7.94587 9.69341 7.90652 9.7861 7.83781 9.85481C7.7691 9.92352 7.67641 9.96287 7.57926 9.96459C7.48211 9.9663 7.38809 9.93024 7.317 9.864L6.25 8.798V10.3755C6.25 10.475 6.21049 10.5703 6.14016 10.6407C6.06984 10.711 5.97446 10.7505 5.875 10.7505C5.77554 10.7505 5.68016 10.711 5.60984 10.6407C5.53951 10.5703 5.5 10.475 5.5 10.3755V8.798L4.4335 9.865C4.39867 9.89983 4.35731 9.92746 4.3118 9.94632C4.26629 9.96517 4.21751 9.97487 4.16825 9.97487C4.11899 9.97487 4.07021 9.96517 4.0247 9.94632C3.97919 9.92746 3.93783 9.89983 3.903 9.865C3.86817 9.83017 3.84054 9.78881 3.82168 9.7433C3.80283 9.69779 3.79313 9.64901 3.79313 9.59975C3.79313 9.55049 3.80283 9.50171 3.82168 9.4562C3.84054 9.41069 3.86817 9.36933 3.903 9.3345L5.5 7.737V6.25H4.013L2.416 7.847C2.34491 7.91324 2.25089 7.9493 2.15374 7.94759C2.05659 7.94587 1.9639 7.90652 1.89519 7.83781C1.82648 7.7691 1.78713 7.67641 1.78541 7.57926C1.7837 7.48211 1.81976 7.38809 1.886 7.317L2.952 6.25H1.375C1.27554 6.25 1.18016 6.21049 1.10983 6.14016C1.03951 6.06984 1 5.97446 1 5.875C1 5.77554 1.03951 5.68016 1.10983 5.60984C1.18016 5.53951 1.27554 5.5 1.375 5.5H2.9525L1.885 4.4335C1.81465 4.36315 1.77513 4.26774 1.77513 4.16825C1.77513 4.06876 1.81465 3.97335 1.885 3.903C1.95535 3.83265 2.05076 3.79313 2.15025 3.79313C2.24974 3.79313 2.34515 3.83265 2.4155 3.903L4.013 5.5H5.5V4.013L3.903 2.416C3.86616 2.38167 3.83661 2.34027 3.81611 2.29427C3.79561 2.24827 3.78459 2.19861 3.7837 2.14826C3.78282 2.09791 3.79208 2.0479 3.81094 2.0012C3.8298 1.95451 3.85787 1.91209 3.89348 1.87648C3.92909 1.84087 3.97151 1.8128 4.0182 1.79394C4.0649 1.77508 4.11491 1.76582 4.16526 1.7667C4.21561 1.76759 4.26527 1.77861 4.31127 1.79911C4.35727 1.81961 4.39867 1.84916 4.433 1.886L5.5 2.952V1.375C5.5 1.27554 5.53951 1.18016 5.60984 1.10983C5.68016 1.03951 5.77554 1 5.875 1Z" fill="#318CF7"></path></svg></span><span class="txt_box" style="color:#318CF7">냉동</span></li><li class="category_info flex_all_center gap_2"><span class="txt_box">수입소</span><span class="dp_i_flex svg_box "><svg xmlns="http://www.w3.org/2000/svg" width="8" height="8" viewBox="0 0 12 12" fill="none"><path d="M4.14678 2.14652C4.05305 2.24028 4.00039 2.36743 4.00039 2.50002C4.00039 2.6326 4.05305 2.75975 4.14678 2.85352L7.29328 6.00002L4.14678 9.14651C4.09903 9.19264 4.06094 9.24781 4.03473 9.30881C4.00853 9.36981 3.99474 9.43543 3.99416 9.50181C3.99358 9.5682 4.00623 9.63404 4.03137 9.69549C4.05651 9.75694 4.09364 9.81277 4.14059 9.85971C4.18753 9.90666 4.24336 9.94379 4.30481 9.96893C4.36626 9.99407 4.4321 10.0067 4.49849 10.0061C4.56487 10.0056 4.63048 9.99177 4.69149 9.96557C4.75249 9.93936 4.80766 9.90127 4.85378 9.85352L8.35379 6.35352C8.44752 6.25975 8.50018 6.1326 8.50018 6.00002C8.50018 5.86743 8.44752 5.74028 8.35379 5.64652L4.85378 2.14652C4.76002 2.05278 4.63287 2.00012 4.50028 2.00012C4.3677 2.00012 4.24055 2.05278 4.14678 2.14652Z" fill="#BABEC4"></path></svg></span><span class="txt_box">세절&amp;분쇄</span></li></ul><p class="product_name">[슬라이스] 부채살15mm - 호주 | 그린마운틴 - S</p><span class="sample_grey_text">구이용 스테이크용 20kg(1kg*20ea)</span><div class="price_wrap"><span class="price_info"><em>362,400원</em></span><span class="price_unit">kg당 18,120원 | 총 20kg</span></div><div class="txt_label_wrap"><span class="txt_area_label label--freshPack"><span class="label__text">신선배송</span></span></div><ul class="rating_wrap"><li><span class="txt_box">재고 <!-- -->23</span></li></ul></div></div></div></div><div class="swiper-slide"><div class="bgInherit" style="cursor:pointer"><div role="button" class="product_card type1 stack_vertical false"><div class="img_wrap"><div class="bg_wrap"><p class="absolute_full"><img alt="상품_섬네일_이미지" loading="lazy" width="500" height="500" decoding="async" data-nimg="1" class="full_image" style="color:transparent" src="https://img-cdn.meatbox.co.kr/m/images/itemImage/2025/03/28/15/53/mo_thumb_productThumbnail_139751_20250328155335.jpg"/></p><div class="label_area" style="cursor:pointer"><div class="none_style_btn cart_button"><button class="clear_button " type="button"><div class="p_relative util_item"><span class="dp_i_flex svg_box "><svg width="32" height="32" viewBox="0 0 32 32" fill="none" xmlns="http://www.w3.org/2000/svg"><path d="M0 16C0 7.16344 7.16344 0 16 0C24.8366 0 32 7.16344 32 16C32 24.8366 24.8366 32 16 32C7.16344 32 0 24.8366 0 16Z" fill="#232221" fill-opacity="0.5"></path><path fill-rule="evenodd" clip-rule="evenodd" d="M8.32286 7.90084C8.65386 7.80292 9.00157 7.99187 9.09949 8.32286L9.55871 9.87516H21.7702C23.3041 9.87516 24.4742 11.305 24.0321 12.8005L22.6537 17.4672C22.359 18.4613 21.4274 19.1252 20.3918 19.1252H12.7602C11.7241 19.1252 10.7914 18.4613 10.4975 17.4674L7.90084 8.67746C7.80292 8.34647 7.99187 7.99876 8.32286 7.90084ZM9.92806 11.1252L11.6962 17.1129C11.8256 17.5507 12.2513 17.8752 12.7602 17.8752H20.3918C20.8994 17.8752 21.3246 17.5519 21.455 17.1129L22.8333 12.4465C23.0209 11.8121 22.5328 11.1252 21.7702 11.1252H9.92806ZM11.7577 20.9243C12.1093 20.5727 12.5862 20.3752 13.0835 20.3752C13.5808 20.3752 14.0577 20.5727 14.4093 20.9243C14.761 21.276 14.9585 21.7529 14.9585 22.2502C14.9585 22.7474 14.761 23.2244 14.4093 23.576C14.0577 23.9276 13.5808 24.1252 13.0835 24.1252C12.5862 24.1252 12.1093 23.9276 11.7577 23.576C11.406 23.2244 11.2085 22.7474 11.2085 22.2502C11.2085 21.7529 11.406 21.276 11.7577 20.9243ZM13.0835 21.6252C12.9177 21.6252 12.7588 21.691 12.6416 21.8082C12.5243 21.9254 12.4585 22.0844 12.4585 22.2502C12.4585 22.4159 12.5243 22.5749 12.6416 22.6921C12.7588 22.8093 12.9177 22.8752 13.0835 22.8752C13.2493 22.8752 13.4082 22.8093 13.5254 22.6921C13.6426 22.5749 13.7085 22.4159 13.7085 22.2502C13.7085 22.0844 13.6426 21.9254 13.5254 21.8082C13.4082 21.691 13.2493 21.6252 13.0835 21.6252ZM18.4243 20.9243C18.776 20.5727 19.2529 20.3752 19.7502 20.3752C20.2474 20.3752 20.7244 20.5727 21.076 20.9243C21.4276 21.276 21.6252 21.7529 21.6252 22.2502C21.6252 22.7474 21.4276 23.2244 21.076 23.576C20.7244 23.9276 20.2474 24.1252 19.7502 24.1252C19.2529 24.1252 18.776 23.9276 18.4243 23.576C18.0727 23.2244 17.8752 22.7474 17.8752 22.2502C17.8752 21.7529 18.0727 21.276 18.4243 20.9243ZM19.7502 21.6252C19.5844 21.6252 19.4254 21.691 19.3082 21.8082C19.191 21.9254 19.1252 22.0844 19.1252 22.2502C19.1252 22.4159 19.191 22.5749 19.3082 22.6921C19.4254 22.8093 19.5844 22.8752 19.7502 22.8752C19.9159 22.8752 20.0749 22.8093 20.1921 22.6921C20.3093 22.5749 20.3752 22.4159 20.3752 22.2502C20.3752 22.0844 20.3093 21.9254 20.1921 21.8082C20.0749 21.691 19.9159 21.6252 19.7502 21.6252Z" fill="white"></path></svg></span></div><span class="txt_box sr-only">장바구니버튼</span></button></div></div></div></div><div class="txt_wrap mt_8" style="overflow:hidden"><div class="flex_side"><button class="none_style_btn btn_brand_name"><span class="txt_box">그린마운틴</span></button><ul class="icon_list"><li class="tooltip_area p_relative swiper-no-swiping"><div id="__MoreInfoButton__"><button class="none_style_btn"><span class="dp_i_flex svg_box "><svg width="16" height="16" viewBox="0 0 16 17" fill="none" xmlns="http://www.w3.org/2000/svg"><path d="M8.00001 5.66671C7.8468 5.66671 7.69509 5.63653 7.55355 5.5779C7.412 5.51927 7.28339 5.43333 7.17505 5.325C7.06672 5.21666 6.98078 5.08805 6.92215 4.9465C6.86352 4.80496 6.83334 4.65325 6.83334 4.50004C6.83334 4.34683 6.86352 4.19512 6.92215 4.05358C6.98078 3.91203 7.06672 3.78342 7.17505 3.67508C7.28339 3.56675 7.412 3.48081 7.55355 3.42218C7.69509 3.36355 7.8468 3.33337 8.00001 3.33337C8.30943 3.33337 8.60618 3.45629 8.82497 3.67508C9.04376 3.89388 9.16668 4.19062 9.16668 4.50004C9.16668 4.80946 9.04376 5.10621 8.82497 5.325C8.60618 5.54379 8.30943 5.66671 8.00001 5.66671ZM8.00001 9.66671C7.69059 9.66671 7.39384 9.54379 7.17505 9.325C6.95626 9.10621 6.83334 8.80946 6.83334 8.50004C6.83334 8.19062 6.95626 7.89388 7.17505 7.67508C7.39384 7.45629 7.69059 7.33337 8.00001 7.33337C8.30943 7.33337 8.60618 7.45629 8.82497 7.67508C9.04376 7.89388 9.16668 8.19062 9.16668 8.50004C9.16668 8.80946 9.04376 9.10621 8.82497 9.325C8.60618 9.54379 8.30943 9.66671 8.00001 9.66671ZM6.83334 12.5C6.83334 12.8095 6.95626 13.1062 7.17505 13.325C7.39384 13.5438 7.69059 13.6667 8.00001 13.6667C8.30943 13.6667 8.60618 13.5438 8.82497 13.325C9.04376 13.1062 9.16668 12.8095 9.16668 12.5C9.16668 12.1906 9.04376 11.8939 8.82497 11.6751C8.60618 11.4563 8.30943 11.3334 8.00001 11.3334C7.69059 11.3334 7.39384 11.4563 7.17505 11.6751C6.95626 11.8939 6.83334 12.1906 6.83334 12.5Z" fill="#232221"></path></svg></span></button></div></li></ul></div><ul class="category_wrap"><li class="category_info storage_type"><span class="dp_i_flex svg_box "><svg width="12" height="12" viewBox="0 0 12 12" fill="none" xmlns="http://www.w3.org/2000/svg"><path d="M5.875 1C5.97446 1 6.06984 1.03951 6.14016 1.10983C6.21049 1.18016 6.25 1.27554 6.25 1.375V2.9525L7.3165 1.8855C7.35133 1.85067 7.39269 1.82304 7.4382 1.80418C7.48371 1.78533 7.53249 1.77563 7.58175 1.77563C7.63101 1.77563 7.67979 1.78533 7.7253 1.80418C7.77081 1.82304 7.81217 1.85067 7.847 1.8855C7.88183 1.92033 7.90946 1.96169 7.92832 2.0072C7.94717 2.05271 7.95687 2.10149 7.95687 2.15075C7.95687 2.20001 7.94717 2.24879 7.92832 2.2943C7.90946 2.33981 7.88183 2.38117 7.847 2.416L6.25 4.013V5.5H7.737L9.334 3.903C9.40509 3.83676 9.49911 3.8007 9.59626 3.80241C9.69341 3.80413 9.7861 3.84348 9.85481 3.91219C9.92352 3.9809 9.96287 4.07359 9.96459 4.17074C9.9663 4.26789 9.93024 4.36191 9.864 4.433L8.798 5.5H10.3755C10.475 5.5 10.5703 5.53951 10.6407 5.60984C10.711 5.68016 10.7505 5.77554 10.7505 5.875C10.7505 5.97446 10.711 6.06984 10.6407 6.14016C10.5703 6.21049 10.475 6.25 10.3755 6.25H8.798L9.865 7.3165C9.89983 7.35133 9.92746 7.39269 9.94632 7.4382C9.96517 7.48371 9.97487 7.53249 9.97487 7.58175C9.97487 7.63101 9.96517 7.67979 9.94632 7.7253C9.92746 7.77081 9.89983 7.81217 9.865 7.847C9.83017 7.88183 9.78881 7.90946 9.7433 7.92832C9.69779 7.94717 9.64901 7.95687 9.59975 7.95687C9.55049 7.95687 9.50171 7.94717 9.4562 7.92832C9.41069 7.90946 9.36933 7.88183 9.3345 7.847L7.737 6.25H6.25V7.737L7.847 9.334C7.91324 9.40509 7.9493 9.49911 7.94759 9.59626C7.94587 9.69341 7.90652 9.7861 7.83781 9.85481C7.7691 9.92352 7.67641 9.96287 7.57926 9.96459C7.48211 9.9663 7.38809 9.93024 7.317 9.864L6.25 8.798V10.3755C6.25 10.475 6.21049 10.5703 6.14016 10.6407C6.06984 10.711 5.97446 10.7505 5.875 10.7505C5.77554 10.7505 5.68016 10.711 5.60984 10.6407C5.53951 10.5703 5.5 10.475 5.5 10.3755V8.798L4.4335 9.865C4.39867 9.89983 4.35731 9.92746 4.3118 9.94632C4.26629 9.96517 4.21751 9.97487 4.16825 9.97487C4.11899 9.97487 4.07021 9.96517 4.0247 9.94632C3.97919 9.92746 3.93783 9.89983 3.903 9.865C3.86817 9.83017 3.84054 9.78881 3.82168 9.7433C3.80283 9.69779 3.79313 9.64901 3.79313 9.59975C3.79313 9.55049 3.80283 9.50171 3.82168 9.4562C3.84054 9.41069 3.86817 9.36933 3.903 9.3345L5.5 7.737V6.25H4.013L2.416 7.847C2.34491 7.91324 2.25089 7.9493 2.15374 7.94759C2.05659 7.94587 1.9639 7.90652 1.89519 7.83781C1.82648 7.7691 1.78713 7.67641 1.78541 7.57926C1.7837 7.48211 1.81976 7.38809 1.886 7.317L2.952 6.25H1.375C1.27554 6.25 1.18016 6.21049 1.10983 6.14016C1.03951 6.06984 1 5.97446 1 5.875C1 5.77554 1.03951 5.68016 1.10983 5.60984C1.18016 5.53951 1.27554 5.5 1.375 5.5H2.9525L1.885 4.4335C1.81465 4.36315 1.77513 4.26774 1.77513 4.16825C1.77513 4.06876 1.81465 3.97335 1.885 3.903C1.95535 3.83265 2.05076 3.79313 2.15025 3.79313C2.24974 3.79313 2.34515 3.83265 2.4155 3.903L4.013 5.5H5.5V4.013L3.903 2.416C3.86616 2.38167 3.83661 2.34027 3.81611 2.29427C3.79561 2.24827 3.78459 2.19861 3.7837 2.14826C3.78282 2.09791 3.79208 2.0479 3.81094 2.0012C3.8298 1.95451 3.85787 1.91209 3.89348 1.87648C3.92909 1.84087 3.97151 1.8128 4.0182 1.79394C4.0649 1.77508 4.11491 1.76582 4.16526 1.7667C4.21561 1.76759 4.26527 1.77861 4.31127 1.79911C4.35727 1.81961 4.39867 1.84916 4.433 1.886L5.5 2.952V1.375C5.5 1.27554 5.53951 1.18016 5.60984 1.10983C5.68016 1.03951 5.77554 1 5.875 1Z" fill="#318CF7"></path></svg></span><span class="txt_box" style="color:#318CF7">냉동</span></li><li class="category_info flex_all_center gap_2"><span class="txt_box">수입소</span><span class="dp_i_flex svg_box "><svg xmlns="http://www.w3.org/2000/svg" width="8" height="8" viewBox="0 0 12 12" fill="none"><path d="M4.14678 2.14652C4.05305 2.24028 4.00039 2.36743 4.00039 2.50002C4.00039 2.6326 4.05305 2.75975 4.14678 2.85352L7.29328 6.00002L4.14678 9.14651C4.09903 9.19264 4.06094 9.24781 4.03473 9.30881C4.00853 9.36981 3.99474 9.43543 3.99416 9.50181C3.99358 9.5682 4.00623 9.63404 4.03137 9.69549C4.05651 9.75694 4.09364 9.81277 4.14059 9.85971C4.18753 9.90666 4.24336 9.94379 4.30481 9.96893C4.36626 9.99407 4.4321 10.0067 4.49849 10.0061C4.56487 10.0056 4.63048 9.99177 4.69149 9.96557C4.75249 9.93936 4.80766 9.90127 4.85378 9.85352L8.35379 6.35352C8.44752 6.25975 8.50018 6.1326 8.50018 6.00002C8.50018 5.86743 8.44752 5.74028 8.35379 5.64652L4.85378 2.14652C4.76002 2.05278 4.63287 2.00012 4.50028 2.00012C4.3677 2.00012 4.24055 2.05278 4.14678 2.14652Z" fill="#BABEC4"></path></svg></span><span class="txt_box">세절&amp;분쇄</span></li></ul><p class="product_name">[슬라이스] 부채살15mm - 호주 | 그린마운틴 - S</p><span class="sample_grey_text">구이용 10kg(1kg*10ea)</span><div class="price_wrap"><span class="price_info"><em>183,900원</em></span><span class="price_unit">kg당 18,390원 | 총 10kg</span></div><div class="txt_label_wrap"><span class="txt_area_label label--warm"><span class="label__text">택배</span></span></div><ul class="rating_wrap"><li><span class="txt_box">재고 <!-- -->6</span></li></ul></div></div></div></div><div class="swiper-slide"><div class="bgInherit" style="cursor:pointer"><div role="button" class="product_card type1 stack_vertical false"><div class="img_wrap"><div class="bg_wrap"><p class="absolute_full"><img alt="상품_섬네일_이미지" loading="lazy" width="500" height="500" decoding="async" data-nimg="1" class="full_image" style="color:transparent" src="https://img-cdn.meatbox.co.kr/m/images/itemImage/2025/03/27/15/10/mo_thumb_productThumbnail_139751_20250327151042.jpg"/></p><div class="label_area" style="cursor:pointer"><div class="none_style_btn cart_button"><button class="clear_button " type="button"><div class="p_relative util_item"><span class="dp_i_flex svg_box "><svg width="32" height="32" viewBox="0 0 32 32" fill="none" xmlns="http://www.w3.org/2000/svg"><path d="M0 16C0 7.16344 7.16344 0 16 0C24.8366 0 32 7.16344 32 16C32 24.8366 24.8366 32 16 32C7.16344 32 0 24.8366 0 16Z" fill="#232221" fill-opacity="0.5"></path><path fill-rule="evenodd" clip-rule="evenodd" d="M8.32286 7.90084C8.65386 7.80292 9.00157 7.99187 9.09949 8.32286L9.55871 9.87516H21.7702C23.3041 9.87516 24.4742 11.305 24.0321 12.8005L22.6537 17.4672C22.359 18.4613 21.4274 19.1252 20.3918 19.1252H12.7602C11.7241 19.1252 10.7914 18.4613 10.4975 17.4674L7.90084 8.67746C7.80292 8.34647 7.99187 7.99876 8.32286 7.90084ZM9.92806 11.1252L11.6962 17.1129C11.8256 17.5507 12.2513 17.8752 12.7602 17.8752H20.3918C20.8994 17.8752 21.3246 17.5519 21.455 17.1129L22.8333 12.4465C23.0209 11.8121 22.5328 11.1252 21.7702 11.1252H9.92806ZM11.7577 20.9243C12.1093 20.5727 12.5862 20.3752 13.0835 20.3752C13.5808 20.3752 14.0577 20.5727 14.4093 20.9243C14.761 21.276 14.9585 21.7529 14.9585 22.2502C14.9585 22.7474 14.761 23.2244 14.4093 23.576C14.0577 23.9276 13.5808 24.1252 13.0835 24.1252C12.5862 24.1252 12.1093 23.9276 11.7577 23.576C11.406 23.2244 11.2085 22.7474 11.2085 22.2502C11.2085 21.7529 11.406 21.276 11.7577 20.9243ZM13.0835 21.6252C12.9177 21.6252 12.7588 21.691 12.6416 21.8082C12.5243 21.9254 12.4585 22.0844 12.4585 22.2502C12.4585 22.4159 12.5243 22.5749 12.6416 22.6921C12.7588 22.8093 12.9177 22.8752 13.0835 22.8752C13.2493 22.8752 13.4082 22.8093 13.5254 22.6921C13.6426 22.5749 13.7085 22.4159 13.7085 22.2502C13.7085 22.0844 13.6426 21.9254 13.5254 21.8082C13.4082 21.691 13.2493 21.6252 13.0835 21.6252ZM18.4243 20.9243C18.776 20.5727 19.2529 20.3752 19.7502 20.3752C20.2474 20.3752 20.7244 20.5727 21.076 20.9243C21.4276 21.276 21.6252 21.7529 21.6252 22.2502C21.6252 22.7474 21.4276 23.2244 21.076 23.576C20.7244 23.9276 20.2474 24.1252 19.7502 24.1252C19.2529 24.1252 18.776 23.9276 18.4243 23.576C18.0727 23.2244 17.8752 22.7474 17.8752 22.2502C17.8752 21.7529 18.0727 21.276 18.4243 20.9243ZM19.7502 21.6252C19.5844 21.6252 19.4254 21.691 19.3082 21.8082C19.191 21.9254 19.1252 22.0844 19.1252 22.2502C19.1252 22.4159 19.191 22.5749 19.3082 22.6921C19.4254 22.8093 19.5844 22.8752 19.7502 22.8752C19.9159 22.8752 20.0749 22.8093 20.1921 22.6921C20.3093 22.5749 20.3752 22.4159 20.3752 22.2502C20.3752 22.0844 20.3093 21.9254 20.1921 21.8082C20.0749 21.691 19.9159 21.6252 19.7502 21.6252Z" fill="white"></path></svg></span></div><span class="txt_box sr-only">장바구니버튼</span></button></div></div></div></div><div class="txt_wrap mt_8" style="overflow:hidden"><div class="flex_side"><button class="none_style_btn btn_brand_name"><span class="txt_box">킬코이</span></button><ul class="icon_list"><li class="tooltip_area p_relative swiper-no-swiping"><div id="__MoreInfoButton__"><button class="none_style_btn"><span class="dp_i_flex svg_box "><svg width="16" height="16" viewBox="0 0 16 17" fill="none" xmlns="http://www.w3.org/2000/svg"><path d="M8.00001 5.66671C7.8468 5.66671 7.69509 5.63653 7.55355 5.5779C7.412 5.51927 7.28339 5.43333 7.17505 5.325C7.06672 5.21666 6.98078 5.08805 6.92215 4.9465C6.86352 4.80496 6.83334 4.65325 6.83334 4.50004C6.83334 4.34683 6.86352 4.19512 6.92215 4.05358C6.98078 3.91203 7.06672 3.78342 7.17505 3.67508C7.28339 3.56675 7.412 3.48081 7.55355 3.42218C7.69509 3.36355 7.8468 3.33337 8.00001 3.33337C8.30943 3.33337 8.60618 3.45629 8.82497 3.67508C9.04376 3.89388 9.16668 4.19062 9.16668 4.50004C9.16668 4.80946 9.04376 5.10621 8.82497 5.325C8.60618 5.54379 8.30943 5.66671 8.00001 5.66671ZM8.00001 9.66671C7.69059 9.66671 7.39384 9.54379 7.17505 9.325C6.95626 9.10621 6.83334 8.80946 6.83334 8.50004C6.83334 8.19062 6.95626 7.89388 7.17505 7.67508C7.39384 7.45629 7.69059 7.33337 8.00001 7.33337C8.30943 7.33337 8.60618 7.45629 8.82497 7.67508C9.04376 7.89388 9.16668 8.19062 9.16668 8.50004C9.16668 8.80946 9.04376 9.10621 8.82497 9.325C8.60618 9.54379 8.30943 9.66671 8.00001 9.66671ZM6.83334 12.5C6.83334 12.8095 6.95626 13.1062 7.17505 13.325C7.39384 13.5438 7.69059 13.6667 8.00001 13.6667C8.30943 13.6667 8.60618 13.5438 8.82497 13.325C9.04376 13.1062 9.16668 12.8095 9.16668 12.5C9.16668 12.1906 9.04376 11.8939 8.82497 11.6751C8.60618 11.4563 8.30943 11.3334 8.00001 11.3334C7.69059 11.3334 7.39384 11.4563 7.17505 11.6751C6.95626 11.8939 6.83334 12.1906 6.83334 12.5Z" fill="#232221"></path></svg></span></button></div></li></ul></div><ul class="category_wrap"><li class="category_info storage_type"><span class="dp_i_flex svg_box "><svg width="12" height="12" viewBox="0 0 12 12" fill="none" xmlns="http://www.w3.org/2000/svg"><path d="M5.875 1C5.97446 1 6.06984 1.03951 6.14016 1.10983C6.21049 1.18016 6.25 1.27554 6.25 1.375V2.9525L7.3165 1.8855C7.35133 1.85067 7.39269 1.82304 7.4382 1.80418C7.48371 1.78533 7.53249 1.77563 7.58175 1.77563C7.63101 1.77563 7.67979 1.78533 7.7253 1.80418C7.77081 1.82304 7.81217 1.85067 7.847 1.8855C7.88183 1.92033 7.90946 1.96169 7.92832 2.0072C7.94717 2.05271 7.95687 2.10149 7.95687 2.15075C7.95687 2.20001 7.94717 2.24879 7.92832 2.2943C7.90946 2.33981 7.88183 2.38117 7.847 2.416L6.25 4.013V5.5H7.737L9.334 3.903C9.40509 3.83676 9.49911 3.8007 9.59626 3.80241C9.69341 3.80413 9.7861 3.84348 9.85481 3.91219C9.92352 3.9809 9.96287 4.07359 9.96459 4.17074C9.9663 4.26789 9.93024 4.36191 9.864 4.433L8.798 5.5H10.3755C10.475 5.5 10.5703 5.53951 10.6407 5.60984C10.711 5.68016 10.7505 5.77554 10.7505 5.875C10.7505 5.97446 10.711 6.06984 10.6407 6.14016C10.5703 6.21049 10.475 6.25 10.3755 6.25H8.798L9.865 7.3165C9.89983 7.35133 9.92746 7.39269 9.94632 7.4382C9.96517 7.48371 9.97487 7.53249 9.97487 7.58175C9.97487 7.63101 9.96517 7.67979 9.94632 7.7253C9.92746 7.77081 9.89983 7.81217 9.865 7.847C9.83017 7.88183 9.78881 7.90946 9.7433 7.92832C9.69779 7.94717 9.64901 7.95687 9.59975 7.95687C9.55049 7.95687 9.50171 7.94717 9.4562 7.92832C9.41069 7.90946 9.36933 7.88183 9.3345 7.847L7.737 6.25H6.25V7.737L7.847 9.334C7.91324 9.40509 7.9493 9.49911 7.94759 9.59626C7.94587 9.69341 7.90652 9.7861 7.83781 9.85481C7.7691 9.92352 7.67641 9.96287 7.57926 9.96459C7.48211 9.9663 7.38809 9.93024 7.317 9.864L6.25 8.798V10.3755C6.25 10.475 6.21049 10.5703 6.14016 10.6407C6.06984 10.711 5.97446 10.7505 5.875 10.7505C5.77554 10.7505 5.68016 10.711 5.60984 10.6407C5.53951 10.5703 5.5 10.475 5.5 10.3755V8.798L4.4335 9.865C4.39867 9.89983 4.35731 9.92746 4.3118 9.94632C4.26629 9.96517 4.21751 9.97487 4.16825 9.97487C4.11899 9.97487 4.07021 9.96517 4.0247 9.94632C3.97919 9.92746 3.93783 9.89983 3.903 9.865C3.86817 9.83017 3.84054 9.78881 3.82168 9.7433C3.80283 9.69779 3.79313 9.64901 3.79313 9.59975C3.79313 9.55049 3.80283 9.50171 3.82168 9.4562C3.84054 9.41069 3.86817 9.36933 3.903 9.3345L5.5 7.737V6.25H4.013L2.416 7.847C2.34491 7.91324 2.25089 7.9493 2.15374 7.94759C2.05659 7.94587 1.9639 7.90652 1.89519 7.83781C1.82648 7.7691 1.78713 7.67641 1.78541 7.57926C1.7837 7.48211 1.81976 7.38809 1.886 7.317L2.952 6.25H1.375C1.27554 6.25 1.18016 6.21049 1.10983 6.14016C1.03951 6.06984 1 5.97446 1 5.875C1 5.77554 1.03951 5.68016 1.10983 5.60984C1.18016 5.53951 1.27554 5.5 1.375 5.5H2.9525L1.885 4.4335C1.81465 4.36315 1.77513 4.26774 1.77513 4.16825C1.77513 4.06876 1.81465 3.97335 1.885 3.903C1.95535 3.83265 2.05076 3.79313 2.15025 3.79313C2.24974 3.79313 2.34515 3.83265 2.4155 3.903L4.013 5.5H5.5V4.013L3.903 2.416C3.86616 2.38167 3.83661 2.34027 3.81611 2.29427C3.79561 2.24827 3.78459 2.19861 3.7837 2.14826C3.78282 2.09791 3.79208 2.0479 3.81094 2.0012C3.8298 1.95451 3.85787 1.91209 3.89348 1.87648C3.92909 1.84087 3.97151 1.8128 4.0182 1.79394C4.0649 1.77508 4.11491 1.76582 4.16526 1.7667C4.21561 1.76759 4.26527 1.77861 4.31127 1.79911C4.35727 1.81961 4.39867 1.84916 4.433 1.886L5.5 2.952V1.375C5.5 1.27554 5.53951 1.18016 5.60984 1.10983C5.68016 1.03951 5.77554 1 5.875 1Z" fill="#318CF7"></path></svg></span><span class="txt_box" style="color:#318CF7">냉동</span></li><li class="category_info flex_all_center gap_2"><span class="txt_box">수입소</span><span class="dp_i_flex svg_box "><svg xmlns="http://www.w3.org/2000/svg" width="8" height="8" viewBox="0 0 12 12" fill="none"><path d="M4.14678 2.14652C4.05305 2.24028 4.00039 2.36743 4.00039 2.50002C4.00039 2.6326 4.05305 2.75975 4.14678 2.85352L7.29328 6.00002L4.14678 9.14651C4.09903 9.19264 4.06094 9.24781 4.03473 9.30881C4.00853 9.36981 3.99474 9.43543 3.99416 9.50181C3.99358 9.5682 4.00623 9.63404 4.03137 9.69549C4.05651 9.75694 4.09364 9.81277 4.14059 9.85971C4.18753 9.90666 4.24336 9.94379 4.30481 9.96893C4.36626 9.99407 4.4321 10.0067 4.49849 10.0061C4.56487 10.0056 4.63048 9.99177 4.69149 9.96557C4.75249 9.93936 4.80766 9.90127 4.85378 9.85352L8.35379 6.35352C8.44752 6.25975 8.50018 6.1326 8.50018 6.00002C8.50018 5.86743 8.44752 5.74028 8.35379 5.64652L4.85378 2.14652C4.76002 2.05278 4.63287 2.00012 4.50028 2.00012C4.3677 2.00012 4.24055 2.05278 4.14678 2.14652Z" fill="#BABEC4"></path></svg></span><span class="txt_box">세절&amp;분쇄</span></li></ul><p class="product_name">[큐브] 앞다리/전각20mm - 호주 | 킬코이 - GF</p><span class="sample_grey_text">찹스테이크용 구이용 1kg</span><div class="price_wrap"><span class="price_info"><em>17,420원</em></span><span class="price_unit">100g당 1,742원 | 총 1,000g</span></div><div class="txt_label_wrap"><span class="txt_area_label label--warm"><span class="label__text">택배</span></span></div><ul class="rating_wrap"><li><span class="txt_box">재고 <!-- -->12</span></li></ul></div></div></div></div><div class="swiper-slide"><div class="bgInherit" style="cursor:pointer"><div role="button" class="product_card type1 stack_vertical false"><div class="img_wrap"><div class="bg_wrap"><p class="absolute_full"><img alt="상품_섬네일_이미지" loading="lazy" width="500" height="500" decoding="async" data-nimg="1" class="full_image" style="color:transparent" src="https://img-cdn.meatbox.co.kr/m/images/itemImage/2025/03/27/15/10/mo_thumb_productThumbnail_139751_20250327151004.jpg"/></p><div class="label_area" style="cursor:pointer"><div class="none_style_btn cart_button"><button class="clear_button " type="button"><div class="p_relative util_item"><span class="dp_i_flex svg_box "><svg width="32" height="32" viewBox="0 0 32 32" fill="none" xmlns="http://www.w3.org/2000/svg"><path d="M0 16C0 7.16344 7.16344 0 16 0C24.8366 0 32 7.16344 32 16C32 24.8366 24.8366 32 16 32C7.16344 32 0 24.8366 0 16Z" fill="#232221" fill-opacity="0.5"></path><path fill-rule="evenodd" clip-rule="evenodd" d="M8.32286 7.90084C8.65386 7.80292 9.00157 7.99187 9.09949 8.32286L9.55871 9.87516H21.7702C23.3041 9.87516 24.4742 11.305 24.0321 12.8005L22.6537 17.4672C22.359 18.4613 21.4274 19.1252 20.3918 19.1252H12.7602C11.7241 19.1252 10.7914 18.4613 10.4975 17.4674L7.90084 8.67746C7.80292 8.34647 7.99187 7.99876 8.32286 7.90084ZM9.92806 11.1252L11.6962 17.1129C11.8256 17.5507 12.2513 17.8752 12.7602 17.8752H20.3918C20.8994 17.8752 21.3246 17.5519 21.455 17.1129L22.8333 12.4465C23.0209 11.8121 22.5328 11.1252 21.7702 11.1252H9.92806ZM11.7577 20.9243C12.1093 20.5727 12.5862 20.3752 13.0835 20.3752C13.5808 20.3752 14.0577 20.5727 14.4093 20.9243C14.761 21.276 14.9585 21.7529 14.9585 22.2502C14.9585 22.7474 14.761 23.2244 14.4093 23.576C14.0577 23.9276 13.5808 24.1252 13.0835 24.1252C12.5862 24.1252 12.1093 23.9276 11.7577 23.576C11.406 23.2244 11.2085 22.7474 11.2085 22.2502C11.2085 21.7529 11.406 21.276 11.7577 20.9243ZM13.0835 21.6252C12.9177 21.6252 12.7588 21.691 12.6416 21.8082C12.5243 21.9254 12.4585 22.0844 12.4585 22.2502C12.4585 22.4159 12.5243 22.5749 12.6416 22.6921C12.7588 22.8093 12.9177 22.8752 13.0835 22.8752C13.2493 22.8752 13.4082 22.8093 13.5254 22.6921C13.6426 22.5749 13.7085 22.4159 13.7085 22.2502C13.7085 22.0844 13.6426 21.9254 13.5254 21.8082C13.4082 21.691 13.2493 21.6252 13.0835 21.6252ZM18.4243 20.9243C18.776 20.5727 19.2529 20.3752 19.7502 20.3752C20.2474 20.3752 20.7244 20.5727 21.076 20.9243C21.4276 21.276 21.6252 21.7529 21.6252 22.2502C21.6252 22.7474 21.4276 23.2244 21.076 23.576C20.7244 23.9276 20.2474 24.1252 19.7502 24.1252C19.2529 24.1252 18.776 23.9276 18.4243 23.576C18.0727 23.2244 17.8752 22.7474 17.8752 22.2502C17.8752 21.7529 18.0727 21.276 18.4243 20.9243ZM19.7502 21.6252C19.5844 21.6252 19.4254 21.691 19.3082 21.8082C19.191 21.9254 19.1252 22.0844 19.1252 22.2502C19.1252 22.4159 19.191 22.5749 19.3082 22.6921C19.4254 22.8093 19.5844 22.8752 19.7502 22.8752C19.9159 22.8752 20.0749 22.8093 20.1921 22.6921C20.3093 22.5749 20.3752 22.4159 20.3752 22.2502C20.3752 22.0844 20.3093 21.9254 20.1921 21.8082C20.0749 21.691 19.9159 21.6252 19.7502 21.6252Z" fill="white"></path></svg></span></div><span class="txt_box sr-only">장바구니버튼</span></button></div></div></div></div><div class="txt_wrap mt_8" style="overflow:hidden"><div class="flex_side"><button class="none_style_btn btn_brand_name"><span class="txt_box">킬코이</span></button><ul class="icon_list"><li class="tooltip_area p_relative swiper-no-swiping"><div id="__MoreInfoButton__"><button class="none_style_btn"><span class="dp_i_flex svg_box "><svg width="16" height="16" viewBox="0 0 16 17" fill="none" xmlns="http://www.w3.org/2000/svg"><path d="M8.00001 5.66671C7.8468 5.66671 7.69509 5.63653 7.55355 5.5779C7.412 5.51927 7.28339 5.43333 7.17505 5.325C7.06672 5.21666 6.98078 5.08805 6.92215 4.9465C6.86352 4.80496 6.83334 4.65325 6.83334 4.50004C6.83334 4.34683 6.86352 4.19512 6.92215 4.05358C6.98078 3.91203 7.06672 3.78342 7.17505 3.67508C7.28339 3.56675 7.412 3.48081 7.55355 3.42218C7.69509 3.36355 7.8468 3.33337 8.00001 3.33337C8.30943 3.33337 8.60618 3.45629 8.82497 3.67508C9.04376 3.89388 9.16668 4.19062 9.16668 4.50004C9.16668 4.80946 9.04376 5.10621 8.82497 5.325C8.60618 5.54379 8.30943 5.66671 8.00001 5.66671ZM8.00001 9.66671C7.69059 9.66671 7.39384 9.54379 7.17505 9.325C6.95626 9.10621 6.83334 8.80946 6.83334 8.50004C6.83334 8.19062 6.95626 7.89388 7.17505 7.67508C7.39384 7.45629 7.69059 7.33337 8.00001 7.33337C8.30943 7.33337 8.60618 7.45629 8.82497 7.67508C9.04376 7.89388 9.16668 8.19062 9.16668 8.50004C9.16668 8.80946 9.04376 9.10621 8.82497 9.325C8.60618 9.54379 8.30943 9.66671 8.00001 9.66671ZM6.83334 12.5C6.83334 12.8095 6.95626 13.1062 7.17505 13.325C7.39384 13.5438 7.69059 13.6667 8.00001 13.6667C8.30943 13.6667 8.60618 13.5438 8.82497 13.325C9.04376 13.1062 9.16668 12.8095 9.16668 12.5C9.16668 12.1906 9.04376 11.8939 8.82497 11.6751C8.60618 11.4563 8.30943 11.3334 8.00001 11.3334C7.69059 11.3334 7.39384 11.4563 7.17505 11.6751C6.95626 11.8939 6.83334 12.1906 6.83334 12.5Z" fill="#232221"></path></svg></span></button></div></li></ul></div><ul class="category_wrap"><li class="category_info storage_type"><span class="dp_i_flex svg_box "><svg width="12" height="12" viewBox="0 0 12 12" fill="none" xmlns="http://www.w3.org/2000/svg"><path d="M5.875 1C5.97446 1 6.06984 1.03951 6.14016 1.10983C6.21049 1.18016 6.25 1.27554 6.25 1.375V2.9525L7.3165 1.8855C7.35133 1.85067 7.39269 1.82304 7.4382 1.80418C7.48371 1.78533 7.53249 1.77563 7.58175 1.77563C7.63101 1.77563 7.67979 1.78533 7.7253 1.80418C7.77081 1.82304 7.81217 1.85067 7.847 1.8855C7.88183 1.92033 7.90946 1.96169 7.92832 2.0072C7.94717 2.05271 7.95687 2.10149 7.95687 2.15075C7.95687 2.20001 7.94717 2.24879 7.92832 2.2943C7.90946 2.33981 7.88183 2.38117 7.847 2.416L6.25 4.013V5.5H7.737L9.334 3.903C9.40509 3.83676 9.49911 3.8007 9.59626 3.80241C9.69341 3.80413 9.7861 3.84348 9.85481 3.91219C9.92352 3.9809 9.96287 4.07359 9.96459 4.17074C9.9663 4.26789 9.93024 4.36191 9.864 4.433L8.798 5.5H10.3755C10.475 5.5 10.5703 5.53951 10.6407 5.60984C10.711 5.68016 10.7505 5.77554 10.7505 5.875C10.7505 5.97446 10.711 6.06984 10.6407 6.14016C10.5703 6.21049 10.475 6.25 10.3755 6.25H8.798L9.865 7.3165C9.89983 7.35133 9.92746 7.39269 9.94632 7.4382C9.96517 7.48371 9.97487 7.53249 9.97487 7.58175C9.97487 7.63101 9.96517 7.67979 9.94632 7.7253C9.92746 7.77081 9.89983 7.81217 9.865 7.847C9.83017 7.88183 9.78881 7.90946 9.7433 7.92832C9.69779 7.94717 9.64901 7.95687 9.59975 7.95687C9.55049 7.95687 9.50171 7.94717 9.4562 7.92832C9.41069 7.90946 9.36933 7.88183 9.3345 7.847L7.737 6.25H6.25V7.737L7.847 9.334C7.91324 9.40509 7.9493 9.49911 7.94759 9.59626C7.94587 9.69341 7.90652 9.7861 7.83781 9.85481C7.7691 9.92352 7.67641 9.96287 7.57926 9.96459C7.48211 9.9663 7.38809 9.93024 7.317 9.864L6.25 8.798V10.3755C6.25 10.475 6.21049 10.5703 6.14016 10.6407C6.06984 10.711 5.97446 10.7505 5.875 10.7505C5.77554 10.7505 5.68016 10.711 5.60984 10.6407C5.53951 10.5703 5.5 10.475 5.5 10.3755V8.798L4.4335 9.865C4.39867 9.89983 4.35731 9.92746 4.3118 9.94632C4.26629 9.96517 4.21751 9.97487 4.16825 9.97487C4.11899 9.97487 4.07021 9.96517 4.0247 9.94632C3.97919 9.92746 3.93783 9.89983 3.903 9.865C3.86817 9.83017 3.84054 9.78881 3.82168 9.7433C3.80283 9.69779 3.79313 9.64901 3.79313 9.59975C3.79313 9.55049 3.80283 9.50171 3.82168 9.4562C3.84054 9.41069 3.86817 9.36933 3.903 9.3345L5.5 7.737V6.25H4.013L2.416 7.847C2.34491 7.91324 2.25089 7.9493 2.15374 7.94759C2.05659 7.94587 1.9639 7.90652 1.89519 7.83781C1.82648 7.7691 1.78713 7.67641 1.78541 7.57926C1.7837 7.48211 1.81976 7.38809 1.886 7.317L2.952 6.25H1.375C1.27554 6.25 1.18016 6.21049 1.10983 6.14016C1.03951 6.06984 1 5.97446 1 5.875C1 5.77554 1.03951 5.68016 1.10983 5.60984C1.18016 5.53951 1.27554 5.5 1.375 5.5H2.9525L1.885 4.4335C1.81465 4.36315 1.77513 4.26774 1.77513 4.16825C1.77513 4.06876 1.81465 3.97335 1.885 3.903C1.95535 3.83265 2.05076 3.79313 2.15025 3.79313C2.24974 3.79313 2.34515 3.83265 2.4155 3.903L4.013 5.5H5.5V4.013L3.903 2.416C3.86616 2.38167 3.83661 2.34027 3.81611 2.29427C3.79561 2.24827 3.78459 2.19861 3.7837 2.14826C3.78282 2.09791 3.79208 2.0479 3.81094 2.0012C3.8298 1.95451 3.85787 1.91209 3.89348 1.87648C3.92909 1.84087 3.97151 1.8128 4.0182 1.79394C4.0649 1.77508 4.11491 1.76582 4.16526 1.7667C4.21561 1.76759 4.26527 1.77861 4.31127 1.79911C4.35727 1.81961 4.39867 1.84916 4.433 1.886L5.5 2.952V1.375C5.5 1.27554 5.53951 1.18016 5.60984 1.10983C5.68016 1.03951 5.77554 1 5.875 1Z" fill="#318CF7"></path></svg></span><span class="txt_box" style="color:#318CF7">냉동</span></li><li class="category_info flex_all_center gap_2"><span class="txt_box">수입소</span><span class="dp_i_flex svg_box "><svg xmlns="http://www.w3.org/2000/svg" width="8" height="8" viewBox="0 0 12 12" fill="none"><path d="M4.14678 2.14652C4.05305 2.24028 4.00039 2.36743 4.00039 2.50002C4.00039 2.6326 4.05305 2.75975 4.14678 2.85352L7.29328 6.00002L4.14678 9.14651C4.09903 9.19264 4.06094 9.24781 4.03473 9.30881C4.00853 9.36981 3.99474 9.43543 3.99416 9.50181C3.99358 9.5682 4.00623 9.63404 4.03137 9.69549C4.05651 9.75694 4.09364 9.81277 4.14059 9.85971C4.18753 9.90666 4.24336 9.94379 4.30481 9.96893C4.36626 9.99407 4.4321 10.0067 4.49849 10.0061C4.56487 10.0056 4.63048 9.99177 4.69149 9.96557C4.75249 9.93936 4.80766 9.90127 4.85378 9.85352L8.35379 6.35352C8.44752 6.25975 8.50018 6.1326 8.50018 6.00002C8.50018 5.86743 8.44752 5.74028 8.35379 5.64652L4.85378 2.14652C4.76002 2.05278 4.63287 2.00012 4.50028 2.00012C4.3677 2.00012 4.24055 2.05278 4.14678 2.14652Z" fill="#BABEC4"></path></svg></span><span class="txt_box">세절&amp;분쇄</span></li></ul><p class="product_name">[큐브] 앞다리/전각20mm - 호주 | 킬코이 - GF</p><span class="sample_grey_text">찹스테이크용 구이용 6kg(1kg*6ea)</span><div class="price_wrap"><span class="price_info"><em>83,640원</em></span><span class="price_unit">kg당 13,940원 | 총 6kg</span></div><div class="txt_label_wrap"><span class="txt_area_label label--warm"><span class="label__text">택배</span></span></div><ul class="rating_wrap"><li><span class="txt_box">재고 <!-- -->10</span></li></ul></div></div></div></div><div class="swiper-slide"><div class="bgInherit" style="cursor:pointer"><div role="button" class="product_card type1 stack_vertical false"><div class="img_wrap"><div class="bg_wrap"><p class="absolute_full"><img alt="상품_섬네일_이미지" loading="lazy" width="500" height="500" decoding="async" data-nimg="1" class="full_image" style="color:transparent" src="https://img-cdn.meatbox.co.kr/m/images/itemImage/2025/03/27/15/09/mo_thumb_productThumbnail_139751_20250327150926.jpg"/></p><div class="label_area" style="cursor:pointer"><div class="none_style_btn cart_button"><button class="clear_button " type="button"><div class="p_relative util_item"><span class="dp_i_flex svg_box "><svg width="32" height="32" viewBox="0 0 32 32" fill="none" xmlns="http://www.w3.org/2000/svg"><path d="M0 16C0 7.16344 7.16344 0 16 0C24.8366 0 32 7.16344 32 16C32 24.8366 24.8366 32 16 32C7.16344 32 0 24.8366 0 16Z" fill="#232221" fill-opacity="0.5"></path><path fill-rule="evenodd" clip-rule="evenodd" d="M8.32286 7.90084C8.65386 7.80292 9.00157 7.99187 9.09949 8.32286L9.55871 9.87516H21.7702C23.3041 9.87516 24.4742 11.305 24.0321 12.8005L22.6537 17.4672C22.359 18.4613 21.4274 19.1252 20.3918 19.1252H12.7602C11.7241 19.1252 10.7914 18.4613 10.4975 17.4674L7.90084 8.67746C7.80292 8.34647 7.99187 7.99876 8.32286 7.90084ZM9.92806 11.1252L11.6962 17.1129C11.8256 17.5507 12.2513 17.8752 12.7602 17.8752H20.3918C20.8994 17.8752 21.3246 17.5519 21.455 17.1129L22.8333 12.4465C23.0209 11.8121 22.5328 11.1252 21.7702 11.1252H9.92806ZM11.7577 20.9243C12.1093 20.5727 12.5862 20.3752 13.0835 20.3752C13.5808 20.3752 14.0577 20.5727 14.4093 20.9243C14.761 21.276 14.9585 21.7529 14.9585 22.2502C14.9585 22.7474 14.761 23.2244 14.4093 23.576C14.0577 23.9276 13.5808 24.1252 13.0835 24.1252C12.5862 24.1252 12.1093 23.9276 11.7577 23.576C11.406 23.2244 11.2085 22.7474 11.2085 22.2502C11.2085 21.7529 11.406 21.276 11.7577 20.9243ZM13.0835 21.6252C12.9177 21.6252 12.7588 21.691 12.6416 21.8082C12.5243 21.9254 12.4585 22.0844 12.4585 22.2502C12.4585 22.4159 12.5243 22.5749 12.6416 22.6921C12.7588 22.8093 12.9177 22.8752 13.0835 22.8752C13.2493 22.8752 13.4082 22.8093 13.5254 22.6921C13.6426 22.5749 13.7085 22.4159 13.7085 22.2502C13.7085 22.0844 13.6426 21.9254 13.5254 21.8082C13.4082 21.691 13.2493 21.6252 13.0835 21.6252ZM18.4243 20.9243C18.776 20.5727 19.2529 20.3752 19.7502 20.3752C20.2474 20.3752 20.7244 20.5727 21.076 20.9243C21.4276 21.276 21.6252 21.7529 21.6252 22.2502C21.6252 22.7474 21.4276 23.2244 21.076 23.576C20.7244 23.9276 20.2474 24.1252 19.7502 24.1252C19.2529 24.1252 18.776 23.9276 18.4243 23.576C18.0727 23.2244 17.8752 22.7474 17.8752 22.2502C17.8752 21.7529 18.0727 21.276 18.4243 20.9243ZM19.7502 21.6252C19.5844 21.6252 19.4254 21.691 19.3082 21.8082C19.191 21.9254 19.1252 22.0844 19.1252 22.2502C19.1252 22.4159 19.191 22.5749 19.3082 22.6921C19.4254 22.8093 19.5844 22.8752 19.7502 22.8752C19.9159 22.8752 20.0749 22.8093 20.1921 22.6921C20.3093 22.5749 20.3752 22.4159 20.3752 22.2502C20.3752 22.0844 20.3093 21.9254 20.1921 21.8082C20.0749 21.691 19.9159 21.6252 19.7502 21.6252Z" fill="white"></path></svg></span></div><span class="txt_box sr-only">장바구니버튼</span></button></div></div></div></div><div class="txt_wrap mt_8" style="overflow:hidden"><div class="flex_side"><button class="none_style_btn btn_brand_name"><span class="txt_box">킬코이</span></button><ul class="icon_list"><li class="tooltip_area p_relative swiper-no-swiping"><div id="__MoreInfoButton__"><button class="none_style_btn"><span class="dp_i_flex svg_box "><svg width="16" height="16" viewBox="0 0 16 17" fill="none" xmlns="http://www.w3.org/2000/svg"><path d="M8.00001 5.66671C7.8468 5.66671 7.69509 5.63653 7.55355 5.5779C7.412 5.51927 7.28339 5.43333 7.17505 5.325C7.06672 5.21666 6.98078 5.08805 6.92215 4.9465C6.86352 4.80496 6.83334 4.65325 6.83334 4.50004C6.83334 4.34683 6.86352 4.19512 6.92215 4.05358C6.98078 3.91203 7.06672 3.78342 7.17505 3.67508C7.28339 3.56675 7.412 3.48081 7.55355 3.42218C7.69509 3.36355 7.8468 3.33337 8.00001 3.33337C8.30943 3.33337 8.60618 3.45629 8.82497 3.67508C9.04376 3.89388 9.16668 4.19062 9.16668 4.50004C9.16668 4.80946 9.04376 5.10621 8.82497 5.325C8.60618 5.54379 8.30943 5.66671 8.00001 5.66671ZM8.00001 9.66671C7.69059 9.66671 7.39384 9.54379 7.17505 9.325C6.95626 9.10621 6.83334 8.80946 6.83334 8.50004C6.83334 8.19062 6.95626 7.89388 7.17505 7.67508C7.39384 7.45629 7.69059 7.33337 8.00001 7.33337C8.30943 7.33337 8.60618 7.45629 8.82497 7.67508C9.04376 7.89388 9.16668 8.19062 9.16668 8.50004C9.16668 8.80946 9.04376 9.10621 8.82497 9.325C8.60618 9.54379 8.30943 9.66671 8.00001 9.66671ZM6.83334 12.5C6.83334 12.8095 6.95626 13.1062 7.17505 13.325C7.39384 13.5438 7.69059 13.6667 8.00001 13.6667C8.30943 13.6667 8.60618 13.5438 8.82497 13.325C9.04376 13.1062 9.16668 12.8095 9.16668 12.5C9.16668 12.1906 9.04376 11.8939 8.82497 11.6751C8.60618 11.4563 8.30943 11.3334 8.00001 11.3334C7.69059 11.3334 7.39384 11.4563 7.17505 11.6751C6.95626 11.8939 6.83334 12.1906 6.83334 12.5Z" fill="#232221"></path></svg></span></button></div></li></ul></div><ul class="category_wrap"><li class="category_info storage_type"><span class="dp_i_flex svg_box "><svg width="12" height="12" viewBox="0 0 12 12" fill="none" xmlns="http://www.w3.org/2000/svg"><path d="M5.875 1C5.97446 1 6.06984 1.03951 6.14016 1.10983C6.21049 1.18016 6.25 1.27554 6.25 1.375V2.9525L7.3165 1.8855C7.35133 1.85067 7.39269 1.82304 7.4382 1.80418C7.48371 1.78533 7.53249 1.77563 7.58175 1.77563C7.63101 1.77563 7.67979 1.78533 7.7253 1.80418C7.77081 1.82304 7.81217 1.85067 7.847 1.8855C7.88183 1.92033 7.90946 1.96169 7.92832 2.0072C7.94717 2.05271 7.95687 2.10149 7.95687 2.15075C7.95687 2.20001 7.94717 2.24879 7.92832 2.2943C7.90946 2.33981 7.88183 2.38117 7.847 2.416L6.25 4.013V5.5H7.737L9.334 3.903C9.40509 3.83676 9.49911 3.8007 9.59626 3.80241C9.69341 3.80413 9.7861 3.84348 9.85481 3.91219C9.92352 3.9809 9.96287 4.07359 9.96459 4.17074C9.9663 4.26789 9.93024 4.36191 9.864 4.433L8.798 5.5H10.3755C10.475 5.5 10.5703 5.53951 10.6407 5.60984C10.711 5.68016 10.7505 5.77554 10.7505 5.875C10.7505 5.97446 10.711 6.06984 10.6407 6.14016C10.5703 6.21049 10.475 6.25 10.3755 6.25H8.798L9.865 7.3165C9.89983 7.35133 9.92746 7.39269 9.94632 7.4382C9.96517 7.48371 9.97487 7.53249 9.97487 7.58175C9.97487 7.63101 9.96517 7.67979 9.94632 7.7253C9.92746 7.77081 9.89983 7.81217 9.865 7.847C9.83017 7.88183 9.78881 7.90946 9.7433 7.92832C9.69779 7.94717 9.64901 7.95687 9.59975 7.95687C9.55049 7.95687 9.50171 7.94717 9.4562 7.92832C9.41069 7.90946 9.36933 7.88183 9.3345 7.847L7.737 6.25H6.25V7.737L7.847 9.334C7.91324 9.40509 7.9493 9.49911 7.94759 9.59626C7.94587 9.69341 7.90652 9.7861 7.83781 9.85481C7.7691 9.92352 7.67641 9.96287 7.57926 9.96459C7.48211 9.9663 7.38809 9.93024 7.317 9.864L6.25 8.798V10.3755C6.25 10.475 6.21049 10.5703 6.14016 10.6407C6.06984 10.711 5.97446 10.7505 5.875 10.7505C5.77554 10.7505 5.68016 10.711 5.60984 10.6407C5.53951 10.5703 5.5 10.475 5.5 10.3755V8.798L4.4335 9.865C4.39867 9.89983 4.35731 9.92746 4.3118 9.94632C4.26629 9.96517 4.21751 9.97487 4.16825 9.97487C4.11899 9.97487 4.07021 9.96517 4.0247 9.94632C3.97919 9.92746 3.93783 9.89983 3.903 9.865C3.86817 9.83017 3.84054 9.78881 3.82168 9.7433C3.80283 9.69779 3.79313 9.64901 3.79313 9.59975C3.79313 9.55049 3.80283 9.50171 3.82168 9.4562C3.84054 9.41069 3.86817 9.36933 3.903 9.3345L5.5 7.737V6.25H4.013L2.416 7.847C2.34491 7.91324 2.25089 7.9493 2.15374 7.94759C2.05659 7.94587 1.9639 7.90652 1.89519 7.83781C1.82648 7.7691 1.78713 7.67641 1.78541 7.57926C1.7837 7.48211 1.81976 7.38809 1.886 7.317L2.952 6.25H1.375C1.27554 6.25 1.18016 6.21049 1.10983 6.14016C1.03951 6.06984 1 5.97446 1 5.875C1 5.77554 1.03951 5.68016 1.10983 5.60984C1.18016 5.53951 1.27554 5.5 1.375 5.5H2.9525L1.885 4.4335C1.81465 4.36315 1.77513 4.26774 1.77513 4.16825C1.77513 4.06876 1.81465 3.97335 1.885 3.903C1.95535 3.83265 2.05076 3.79313 2.15025 3.79313C2.24974 3.79313 2.34515 3.83265 2.4155 3.903L4.013 5.5H5.5V4.013L3.903 2.416C3.86616 2.38167 3.83661 2.34027 3.81611 2.29427C3.79561 2.24827 3.78459 2.19861 3.7837 2.14826C3.78282 2.09791 3.79208 2.0479 3.81094 2.0012C3.8298 1.95451 3.85787 1.91209 3.89348 1.87648C3.92909 1.84087 3.97151 1.8128 4.0182 1.79394C4.0649 1.77508 4.11491 1.76582 4.16526 1.7667C4.21561 1.76759 4.26527 1.77861 4.31127 1.79911C4.35727 1.81961 4.39867 1.84916 4.433 1.886L5.5 2.952V1.375C5.5 1.27554 5.53951 1.18016 5.60984 1.10983C5.68016 1.03951 5.77554 1 5.875 1Z" fill="#318CF7"></path></svg></span><span class="txt_box" style="color:#318CF7">냉동</span></li><li class="category_info flex_all_center gap_2"><span class="txt_box">수입소</span><span class="dp_i_flex svg_box "><svg xmlns="http://www.w3.org/2000/svg" width="8" height="8" viewBox="0 0 12 12" fill="none"><path d="M4.14678 2.14652C4.05305 2.24028 4.00039 2.36743 4.00039 2.50002C4.00039 2.6326 4.05305 2.75975 4.14678 2.85352L7.29328 6.00002L4.14678 9.14651C4.09903 9.19264 4.06094 9.24781 4.03473 9.30881C4.00853 9.36981 3.99474 9.43543 3.99416 9.50181C3.99358 9.5682 4.00623 9.63404 4.03137 9.69549C4.05651 9.75694 4.09364 9.81277 4.14059 9.85971C4.18753 9.90666 4.24336 9.94379 4.30481 9.96893C4.36626 9.99407 4.4321 10.0067 4.49849 10.0061C4.56487 10.0056 4.63048 9.99177 4.69149 9.96557C4.75249 9.93936 4.80766 9.90127 4.85378 9.85352L8.35379 6.35352C8.44752 6.25975 8.50018 6.1326 8.50018 6.00002C8.50018 5.86743 8.44752 5.74028 8.35379 5.64652L4.85378 2.14652C4.76002 2.05278 4.63287 2.00012 4.50028 2.00012C4.3677 2.00012 4.24055 2.05278 4.14678 2.14652Z" fill="#BABEC4"></path></svg></span><span class="txt_box">세절&amp;분쇄</span></li></ul><p class="product_name">[큐브] 앞다리/전각20mm - 호주 | 킬코이 - GF</p><span class="sample_grey_text">찹스테이크용 구이용 3kg(1kg*3ea)</span><div class="price_wrap"><span class="price_info"><em>43,470원</em></span><span class="price_unit">100g당 1,449원 | 총 3,000g</span></div><div class="txt_label_wrap"><span class="txt_area_label label--warm"><span class="label__text">택배</span></span></div><ul class="rating_wrap"><li class="rating_star"><span class="dp_i_flex svg_box "><svg width="12" height="12" viewBox="0 0 16 17" fill="none" xmlns="http://www.w3.org/2000/svg"><path d="M3.91761 15.2225C4.16353 15.4174 4.47604 15.3483 4.84825 15.0654L8.02416 12.6269L11.2062 15.0654C11.5784 15.3483 11.8845 15.4174 12.1369 15.2225C12.3828 15.0276 12.4371 14.7071 12.287 14.2483L11.032 10.3393L14.2382 7.92602C14.6104 7.64956 14.7605 7.36023 14.6644 7.04624C14.5684 6.74457 14.2861 6.59361 13.8239 6.60004L9.89133 6.62498L8.69659 2.6972C8.55262 2.23224 8.33668 1.99976 8.02416 1.99976C7.71804 1.99976 7.50184 2.23224 7.35762 2.6972L6.16288 6.62498L2.23052 6.60004C1.76815 6.59361 1.48611 6.74457 1.39005 7.04624C1.28784 7.3605 1.44384 7.64956 1.81631 7.92602L5.02218 10.3393L3.7675 14.2483C3.61739 14.7071 3.67144 15.0276 3.91761 15.2225Z" fill="#FFC42F"></path></svg></span><span class="txt_box">5.0</span></li><li><span class="txt_box">재고 <!-- -->19</span></li></ul></div></div></div></div><div class="swiper-slide"><div class="bgInherit" style="cursor:pointer"><div role="button" class="product_card type1 stack_vertical false"><div class="img_wrap"><div class="bg_wrap"><p class="absolute_full"><img alt="상품_섬네일_이미지" loading="lazy" width="500" height="500" decoding="async" data-nimg="1" class="full_image" style="color:transparent" src="https://img-cdn.meatbox.co.kr/m/images/itemImage/2025/03/27/10/11/mo_thumb_productThumbnail_139751_20250327101136.jpg"/></p><div class="label_area" style="cursor:pointer"><div class="none_style_btn cart_button"><button class="clear_button " type="button"><div class="p_relative util_item"><span class="dp_i_flex svg_box "><svg width="32" height="32" viewBox="0 0 32 32" fill="none" xmlns="http://www.w3.org/2000/svg"><path d="M0 16C0 7.16344 7.16344 0 16 0C24.8366 0 32 7.16344 32 16C32 24.8366 24.8366 32 16 32C7.16344 32 0 24.8366 0 16Z" fill="#232221" fill-opacity="0.5"></path><path fill-rule="evenodd" clip-rule="evenodd" d="M8.32286 7.90084C8.65386 7.80292 9.00157 7.99187 9.09949 8.32286L9.55871 9.87516H21.7702C23.3041 9.87516 24.4742 11.305 24.0321 12.8005L22.6537 17.4672C22.359 18.4613 21.4274 19.1252 20.3918 19.1252H12.7602C11.7241 19.1252 10.7914 18.4613 10.4975 17.4674L7.90084 8.67746C7.80292 8.34647 7.99187 7.99876 8.32286 7.90084ZM9.92806 11.1252L11.6962 17.1129C11.8256 17.5507 12.2513 17.8752 12.7602 17.8752H20.3918C20.8994 17.8752 21.3246 17.5519 21.455 17.1129L22.8333 12.4465C23.0209 11.8121 22.5328 11.1252 21.7702 11.1252H9.92806ZM11.7577 20.9243C12.1093 20.5727 12.5862 20.3752 13.0835 20.3752C13.5808 20.3752 14.0577 20.5727 14.4093 20.9243C14.761 21.276 14.9585 21.7529 14.9585 22.2502C14.9585 22.7474 14.761 23.2244 14.4093 23.576C14.0577 23.9276 13.5808 24.1252 13.0835 24.1252C12.5862 24.1252 12.1093 23.9276 11.7577 23.576C11.406 23.2244 11.2085 22.7474 11.2085 22.2502C11.2085 21.7529 11.406 21.276 11.7577 20.9243ZM13.0835 21.6252C12.9177 21.6252 12.7588 21.691 12.6416 21.8082C12.5243 21.9254 12.4585 22.0844 12.4585 22.2502C12.4585 22.4159 12.5243 22.5749 12.6416 22.6921C12.7588 22.8093 12.9177 22.8752 13.0835 22.8752C13.2493 22.8752 13.4082 22.8093 13.5254 22.6921C13.6426 22.5749 13.7085 22.4159 13.7085 22.2502C13.7085 22.0844 13.6426 21.9254 13.5254 21.8082C13.4082 21.691 13.2493 21.6252 13.0835 21.6252ZM18.4243 20.9243C18.776 20.5727 19.2529 20.3752 19.7502 20.3752C20.2474 20.3752 20.7244 20.5727 21.076 20.9243C21.4276 21.276 21.6252 21.7529 21.6252 22.2502C21.6252 22.7474 21.4276 23.2244 21.076 23.576C20.7244 23.9276 20.2474 24.1252 19.7502 24.1252C19.2529 24.1252 18.776 23.9276 18.4243 23.576C18.0727 23.2244 17.8752 22.7474 17.8752 22.2502C17.8752 21.7529 18.0727 21.276 18.4243 20.9243ZM19.7502 21.6252C19.5844 21.6252 19.4254 21.691 19.3082 21.8082C19.191 21.9254 19.1252 22.0844 19.1252 22.2502C19.1252 22.4159 19.191 22.5749 19.3082 22.6921C19.4254 22.8093 19.5844 22.8752 19.7502 22.8752C19.9159 22.8752 20.0749 22.8093 20.1921 22.6921C20.3093 22.5749 20.3752 22.4159 20.3752 22.2502C20.3752 22.0844 20.3093 21.9254 20.1921 21.8082C20.0749 21.691 19.9159 21.6252 19.7502 21.6252Z" fill="white"></path></svg></span></div><span class="txt_box sr-only">장바구니버튼</span></button></div></div></div></div><div class="txt_wrap mt_8" style="overflow:hidden"><div class="flex_side"><button class="none_style_btn btn_brand_name"><span class="txt_box">킬코이</span></button><ul class="icon_list"><li class="tooltip_area p_relative swiper-no-swiping"><div id="__MoreInfoButton__"><button class="none_style_btn"><span class="dp_i_flex svg_box "><svg width="16" height="16" viewBox="0 0 16 17" fill="none" xmlns="http://www.w3.org/2000/svg"><path d="M8.00001 5.66671C7.8468 5.66671 7.69509 5.63653 7.55355 5.5779C7.412 5.51927 7.28339 5.43333 7.17505 5.325C7.06672 5.21666 6.98078 5.08805 6.92215 4.9465C6.86352 4.80496 6.83334 4.65325 6.83334 4.50004C6.83334 4.34683 6.86352 4.19512 6.92215 4.05358C6.98078 3.91203 7.06672 3.78342 7.17505 3.67508C7.28339 3.56675 7.412 3.48081 7.55355 3.42218C7.69509 3.36355 7.8468 3.33337 8.00001 3.33337C8.30943 3.33337 8.60618 3.45629 8.82497 3.67508C9.04376 3.89388 9.16668 4.19062 9.16668 4.50004C9.16668 4.80946 9.04376 5.10621 8.82497 5.325C8.60618 5.54379 8.30943 5.66671 8.00001 5.66671ZM8.00001 9.66671C7.69059 9.66671 7.39384 9.54379 7.17505 9.325C6.95626 9.10621 6.83334 8.80946 6.83334 8.50004C6.83334 8.19062 6.95626 7.89388 7.17505 7.67508C7.39384 7.45629 7.69059 7.33337 8.00001 7.33337C8.30943 7.33337 8.60618 7.45629 8.82497 7.67508C9.04376 7.89388 9.16668 8.19062 9.16668 8.50004C9.16668 8.80946 9.04376 9.10621 8.82497 9.325C8.60618 9.54379 8.30943 9.66671 8.00001 9.66671ZM6.83334 12.5C6.83334 12.8095 6.95626 13.1062 7.17505 13.325C7.39384 13.5438 7.69059 13.6667 8.00001 13.6667C8.30943 13.6667 8.60618 13.5438 8.82497 13.325C9.04376 13.1062 9.16668 12.8095 9.16668 12.5C9.16668 12.1906 9.04376 11.8939 8.82497 11.6751C8.60618 11.4563 8.30943 11.3334 8.00001 11.3334C7.69059 11.3334 7.39384 11.4563 7.17505 11.6751C6.95626 11.8939 6.83334 12.1906 6.83334 12.5Z" fill="#232221"></path></svg></span></button></div></li></ul></div><ul class="category_wrap"><li class="category_info storage_type"><span class="dp_i_flex svg_box "><svg width="12" height="12" viewBox="0 0 12 12" fill="none" xmlns="http://www.w3.org/2000/svg"><path d="M5.875 1C5.97446 1 6.06984 1.03951 6.14016 1.10983C6.21049 1.18016 6.25 1.27554 6.25 1.375V2.9525L7.3165 1.8855C7.35133 1.85067 7.39269 1.82304 7.4382 1.80418C7.48371 1.78533 7.53249 1.77563 7.58175 1.77563C7.63101 1.77563 7.67979 1.78533 7.7253 1.80418C7.77081 1.82304 7.81217 1.85067 7.847 1.8855C7.88183 1.92033 7.90946 1.96169 7.92832 2.0072C7.94717 2.05271 7.95687 2.10149 7.95687 2.15075C7.95687 2.20001 7.94717 2.24879 7.92832 2.2943C7.90946 2.33981 7.88183 2.38117 7.847 2.416L6.25 4.013V5.5H7.737L9.334 3.903C9.40509 3.83676 9.49911 3.8007 9.59626 3.80241C9.69341 3.80413 9.7861 3.84348 9.85481 3.91219C9.92352 3.9809 9.96287 4.07359 9.96459 4.17074C9.9663 4.26789 9.93024 4.36191 9.864 4.433L8.798 5.5H10.3755C10.475 5.5 10.5703 5.53951 10.6407 5.60984C10.711 5.68016 10.7505 5.77554 10.7505 5.875C10.7505 5.97446 10.711 6.06984 10.6407 6.14016C10.5703 6.21049 10.475 6.25 10.3755 6.25H8.798L9.865 7.3165C9.89983 7.35133 9.92746 7.39269 9.94632 7.4382C9.96517 7.48371 9.97487 7.53249 9.97487 7.58175C9.97487 7.63101 9.96517 7.67979 9.94632 7.7253C9.92746 7.77081 9.89983 7.81217 9.865 7.847C9.83017 7.88183 9.78881 7.90946 9.7433 7.92832C9.69779 7.94717 9.64901 7.95687 9.59975 7.95687C9.55049 7.95687 9.50171 7.94717 9.4562 7.92832C9.41069 7.90946 9.36933 7.88183 9.3345 7.847L7.737 6.25H6.25V7.737L7.847 9.334C7.91324 9.40509 7.9493 9.49911 7.94759 9.59626C7.94587 9.69341 7.90652 9.7861 7.83781 9.85481C7.7691 9.92352 7.67641 9.96287 7.57926 9.96459C7.48211 9.9663 7.38809 9.93024 7.317 9.864L6.25 8.798V10.3755C6.25 10.475 6.21049 10.5703 6.14016 10.6407C6.06984 10.711 5.97446 10.7505 5.875 10.7505C5.77554 10.7505 5.68016 10.711 5.60984 10.6407C5.53951 10.5703 5.5 10.475 5.5 10.3755V8.798L4.4335 9.865C4.39867 9.89983 4.35731 9.92746 4.3118 9.94632C4.26629 9.96517 4.21751 9.97487 4.16825 9.97487C4.11899 9.97487 4.07021 9.96517 4.0247 9.94632C3.97919 9.92746 3.93783 9.89983 3.903 9.865C3.86817 9.83017 3.84054 9.78881 3.82168 9.7433C3.80283 9.69779 3.79313 9.64901 3.79313 9.59975C3.79313 9.55049 3.80283 9.50171 3.82168 9.4562C3.84054 9.41069 3.86817 9.36933 3.903 9.3345L5.5 7.737V6.25H4.013L2.416 7.847C2.34491 7.91324 2.25089 7.9493 2.15374 7.94759C2.05659 7.94587 1.9639 7.90652 1.89519 7.83781C1.82648 7.7691 1.78713 7.67641 1.78541 7.57926C1.7837 7.48211 1.81976 7.38809 1.886 7.317L2.952 6.25H1.375C1.27554 6.25 1.18016 6.21049 1.10983 6.14016C1.03951 6.06984 1 5.97446 1 5.875C1 5.77554 1.03951 5.68016 1.10983 5.60984C1.18016 5.53951 1.27554 5.5 1.375 5.5H2.9525L1.885 4.4335C1.81465 4.36315 1.77513 4.26774 1.77513 4.16825C1.77513 4.06876 1.81465 3.97335 1.885 3.903C1.95535 3.83265 2.05076 3.79313 2.15025 3.79313C2.24974 3.79313 2.34515 3.83265 2.4155 3.903L4.013 5.5H5.5V4.013L3.903 2.416C3.86616 2.38167 3.83661 2.34027 3.81611 2.29427C3.79561 2.24827 3.78459 2.19861 3.7837 2.14826C3.78282 2.09791 3.79208 2.0479 3.81094 2.0012C3.8298 1.95451 3.85787 1.91209 3.89348 1.87648C3.92909 1.84087 3.97151 1.8128 4.0182 1.79394C4.0649 1.77508 4.11491 1.76582 4.16526 1.7667C4.21561 1.76759 4.26527 1.77861 4.31127 1.79911C4.35727 1.81961 4.39867 1.84916 4.433 1.886L5.5 2.952V1.375C5.5 1.27554 5.53951 1.18016 5.60984 1.10983C5.68016 1.03951 5.77554 1 5.875 1Z" fill="#318CF7"></path></svg></span><span class="txt_box" style="color:#318CF7">냉동</span></li><li class="category_info flex_all_center gap_2"><span class="txt_box">수입소</span><span class="dp_i_flex svg_box "><svg xmlns="http://www.w3.org/2000/svg" width="8" height="8" viewBox="0 0 12 12" fill="none"><path d="M4.14678 2.14652C4.05305 2.24028 4.00039 2.36743 4.00039 2.50002C4.00039 2.6326 4.05305 2.75975 4.14678 2.85352L7.29328 6.00002L4.14678 9.14651C4.09903 9.19264 4.06094 9.24781 4.03473 9.30881C4.00853 9.36981 3.99474 9.43543 3.99416 9.50181C3.99358 9.5682 4.00623 9.63404 4.03137 9.69549C4.05651 9.75694 4.09364 9.81277 4.14059 9.85971C4.18753 9.90666 4.24336 9.94379 4.30481 9.96893C4.36626 9.99407 4.4321 10.0067 4.49849 10.0061C4.56487 10.0056 4.63048 9.99177 4.69149 9.96557C4.75249 9.93936 4.80766 9.90127 4.85378 9.85352L8.35379 6.35352C8.44752 6.25975 8.50018 6.1326 8.50018 6.00002C8.50018 5.86743 8.44752 5.74028 8.35379 5.64652L4.85378 2.14652C4.76002 2.05278 4.63287 2.00012 4.50028 2.00012C4.3677 2.00012 4.24055 2.05278 4.14678 2.14652Z" fill="#BABEC4"></path></svg></span><span class="txt_box">세절&amp;분쇄</span></li></ul><p class="product_name">[절단]앞다리/전각4mm - 호주 | 킬코이 - GF</p><span class="sample_grey_text">국거리용 3cm*3cm 3kg(1kg*3ea)</span><div class="price_wrap"><span class="price_info"><em>45,420원</em></span><span class="price_unit">100g당 1,514원 | 총 3,000g</span></div><div class="txt_label_wrap"><span class="txt_area_label label--warm"><span class="label__text">택배</span></span></div><ul class="rating_wrap"><li class="rating_star"><span class="dp_i_flex svg_box "><svg width="12" height="12" viewBox="0 0 16 17" fill="none" xmlns="http://www.w3.org/2000/svg"><path d="M3.91761 15.2225C4.16353 15.4174 4.47604 15.3483 4.84825 15.0654L8.02416 12.6269L11.2062 15.0654C11.5784 15.3483 11.8845 15.4174 12.1369 15.2225C12.3828 15.0276 12.4371 14.7071 12.287 14.2483L11.032 10.3393L14.2382 7.92602C14.6104 7.64956 14.7605 7.36023 14.6644 7.04624C14.5684 6.74457 14.2861 6.59361 13.8239 6.60004L9.89133 6.62498L8.69659 2.6972C8.55262 2.23224 8.33668 1.99976 8.02416 1.99976C7.71804 1.99976 7.50184 2.23224 7.35762 2.6972L6.16288 6.62498L2.23052 6.60004C1.76815 6.59361 1.48611 6.74457 1.39005 7.04624C1.28784 7.3605 1.44384 7.64956 1.81631 7.92602L5.02218 10.3393L3.7675 14.2483C3.61739 14.7071 3.67144 15.0276 3.91761 15.2225Z" fill="#FFC42F"></path></svg></span><span class="txt_box">5.0</span></li><li><span class="txt_box">재고 <!-- -->10</span></li></ul></div></div></div></div><div class="swiper-slide"><div class="bgInherit" style="cursor:pointer"><div role="button" class="product_card type1 stack_vertical false"><div class="img_wrap"><div class="bg_wrap"><p class="absolute_full"><img alt="상품_섬네일_이미지" loading="lazy" width="500" height="500" decoding="async" data-nimg="1" class="full_image" style="color:transparent" src="https://img-cdn.meatbox.co.kr/m/images/itemImage/2025/03/25/16/53/mo_thumb_productThumbnail_139751_20250325165355.jpg"/></p><div class="label_area" style="cursor:pointer"><div class="none_style_btn cart_button"><button class="clear_button " type="button"><div class="p_relative util_item"><span class="dp_i_flex svg_box "><svg width="32" height="32" viewBox="0 0 32 32" fill="none" xmlns="http://www.w3.org/2000/svg"><path d="M0 16C0 7.16344 7.16344 0 16 0C24.8366 0 32 7.16344 32 16C32 24.8366 24.8366 32 16 32C7.16344 32 0 24.8366 0 16Z" fill="#232221" fill-opacity="0.5"></path><path fill-rule="evenodd" clip-rule="evenodd" d="M8.32286 7.90084C8.65386 7.80292 9.00157 7.99187 9.09949 8.32286L9.55871 9.87516H21.7702C23.3041 9.87516 24.4742 11.305 24.0321 12.8005L22.6537 17.4672C22.359 18.4613 21.4274 19.1252 20.3918 19.1252H12.7602C11.7241 19.1252 10.7914 18.4613 10.4975 17.4674L7.90084 8.67746C7.80292 8.34647 7.99187 7.99876 8.32286 7.90084ZM9.92806 11.1252L11.6962 17.1129C11.8256 17.5507 12.2513 17.8752 12.7602 17.8752H20.3918C20.8994 17.8752 21.3246 17.5519 21.455 17.1129L22.8333 12.4465C23.0209 11.8121 22.5328 11.1252 21.7702 11.1252H9.92806ZM11.7577 20.9243C12.1093 20.5727 12.5862 20.3752 13.0835 20.3752C13.5808 20.3752 14.0577 20.5727 14.4093 20.9243C14.761 21.276 14.9585 21.7529 14.9585 22.2502C14.9585 22.7474 14.761 23.2244 14.4093 23.576C14.0577 23.9276 13.5808 24.1252 13.0835 24.1252C12.5862 24.1252 12.1093 23.9276 11.7577 23.576C11.406 23.2244 11.2085 22.7474 11.2085 22.2502C11.2085 21.7529 11.406 21.276 11.7577 20.9243ZM13.0835 21.6252C12.9177 21.6252 12.7588 21.691 12.6416 21.8082C12.5243 21.9254 12.4585 22.0844 12.4585 22.2502C12.4585 22.4159 12.5243 22.5749 12.6416 22.6921C12.7588 22.8093 12.9177 22.8752 13.0835 22.8752C13.2493 22.8752 13.4082 22.8093 13.5254 22.6921C13.6426 22.5749 13.7085 22.4159 13.7085 22.2502C13.7085 22.0844 13.6426 21.9254 13.5254 21.8082C13.4082 21.691 13.2493 21.6252 13.0835 21.6252ZM18.4243 20.9243C18.776 20.5727 19.2529 20.3752 19.7502 20.3752C20.2474 20.3752 20.7244 20.5727 21.076 20.9243C21.4276 21.276 21.6252 21.7529 21.6252 22.2502C21.6252 22.7474 21.4276 23.2244 21.076 23.576C20.7244 23.9276 20.2474 24.1252 19.7502 24.1252C19.2529 24.1252 18.776 23.9276 18.4243 23.576C18.0727 23.2244 17.8752 22.7474 17.8752 22.2502C17.8752 21.7529 18.0727 21.276 18.4243 20.9243ZM19.7502 21.6252C19.5844 21.6252 19.4254 21.691 19.3082 21.8082C19.191 21.9254 19.1252 22.0844 19.1252 22.2502C19.1252 22.4159 19.191 22.5749 19.3082 22.6921C19.4254 22.8093 19.5844 22.8752 19.7502 22.8752C19.9159 22.8752 20.0749 22.8093 20.1921 22.6921C20.3093 22.5749 20.3752 22.4159 20.3752 22.2502C20.3752 22.0844 20.3093 21.9254 20.1921 21.8082C20.0749 21.691 19.9159 21.6252 19.7502 21.6252Z" fill="white"></path></svg></span></div><span class="txt_box sr-only">장바구니버튼</span></button></div></div></div></div><div class="txt_wrap mt_8" style="overflow:hidden"><div class="flex_side"><button class="none_style_btn btn_brand_name"><span class="txt_box">킬코이</span></button><ul class="icon_list"><li class="tooltip_area p_relative swiper-no-swiping"><div id="__MoreInfoButton__"><button class="none_style_btn"><span class="dp_i_flex svg_box "><svg width="16" height="16" viewBox="0 0 16 17" fill="none" xmlns="http://www.w3.org/2000/svg"><path d="M8.00001 5.66671C7.8468 5.66671 7.69509 5.63653 7.55355 5.5779C7.412 5.51927 7.28339 5.43333 7.17505 5.325C7.06672 5.21666 6.98078 5.08805 6.92215 4.9465C6.86352 4.80496 6.83334 4.65325 6.83334 4.50004C6.83334 4.34683 6.86352 4.19512 6.92215 4.05358C6.98078 3.91203 7.06672 3.78342 7.17505 3.67508C7.28339 3.56675 7.412 3.48081 7.55355 3.42218C7.69509 3.36355 7.8468 3.33337 8.00001 3.33337C8.30943 3.33337 8.60618 3.45629 8.82497 3.67508C9.04376 3.89388 9.16668 4.19062 9.16668 4.50004C9.16668 4.80946 9.04376 5.10621 8.82497 5.325C8.60618 5.54379 8.30943 5.66671 8.00001 5.66671ZM8.00001 9.66671C7.69059 9.66671 7.39384 9.54379 7.17505 9.325C6.95626 9.10621 6.83334 8.80946 6.83334 8.50004C6.83334 8.19062 6.95626 7.89388 7.17505 7.67508C7.39384 7.45629 7.69059 7.33337 8.00001 7.33337C8.30943 7.33337 8.60618 7.45629 8.82497 7.67508C9.04376 7.89388 9.16668 8.19062 9.16668 8.50004C9.16668 8.80946 9.04376 9.10621 8.82497 9.325C8.60618 9.54379 8.30943 9.66671 8.00001 9.66671ZM6.83334 12.5C6.83334 12.8095 6.95626 13.1062 7.17505 13.325C7.39384 13.5438 7.69059 13.6667 8.00001 13.6667C8.30943 13.6667 8.60618 13.5438 8.82497 13.325C9.04376 13.1062 9.16668 12.8095 9.16668 12.5C9.16668 12.1906 9.04376 11.8939 8.82497 11.6751C8.60618 11.4563 8.30943 11.3334 8.00001 11.3334C7.69059 11.3334 7.39384 11.4563 7.17505 11.6751C6.95626 11.8939 6.83334 12.1906 6.83334 12.5Z" fill="#232221"></path></svg></span></button></div></li></ul></div><ul class="category_wrap"><li class="category_info storage_type"><span class="dp_i_flex svg_box "><svg width="12" height="12" viewBox="0 0 12 12" fill="none" xmlns="http://www.w3.org/2000/svg"><path d="M5.875 1C5.97446 1 6.06984 1.03951 6.14016 1.10983C6.21049 1.18016 6.25 1.27554 6.25 1.375V2.9525L7.3165 1.8855C7.35133 1.85067 7.39269 1.82304 7.4382 1.80418C7.48371 1.78533 7.53249 1.77563 7.58175 1.77563C7.63101 1.77563 7.67979 1.78533 7.7253 1.80418C7.77081 1.82304 7.81217 1.85067 7.847 1.8855C7.88183 1.92033 7.90946 1.96169 7.92832 2.0072C7.94717 2.05271 7.95687 2.10149 7.95687 2.15075C7.95687 2.20001 7.94717 2.24879 7.92832 2.2943C7.90946 2.33981 7.88183 2.38117 7.847 2.416L6.25 4.013V5.5H7.737L9.334 3.903C9.40509 3.83676 9.49911 3.8007 9.59626 3.80241C9.69341 3.80413 9.7861 3.84348 9.85481 3.91219C9.92352 3.9809 9.96287 4.07359 9.96459 4.17074C9.9663 4.26789 9.93024 4.36191 9.864 4.433L8.798 5.5H10.3755C10.475 5.5 10.5703 5.53951 10.6407 5.60984C10.711 5.68016 10.7505 5.77554 10.7505 5.875C10.7505 5.97446 10.711 6.06984 10.6407 6.14016C10.5703 6.21049 10.475 6.25 10.3755 6.25H8.798L9.865 7.3165C9.89983 7.35133 9.92746 7.39269 9.94632 7.4382C9.96517 7.48371 9.97487 7.53249 9.97487 7.58175C9.97487 7.63101 9.96517 7.67979 9.94632 7.7253C9.92746 7.77081 9.89983 7.81217 9.865 7.847C9.83017 7.88183 9.78881 7.90946 9.7433 7.92832C9.69779 7.94717 9.64901 7.95687 9.59975 7.95687C9.55049 7.95687 9.50171 7.94717 9.4562 7.92832C9.41069 7.90946 9.36933 7.88183 9.3345 7.847L7.737 6.25H6.25V7.737L7.847 9.334C7.91324 9.40509 7.9493 9.49911 7.94759 9.59626C7.94587 9.69341 7.90652 9.7861 7.83781 9.85481C7.7691 9.92352 7.67641 9.96287 7.57926 9.96459C7.48211 9.9663 7.38809 9.93024 7.317 9.864L6.25 8.798V10.3755C6.25 10.475 6.21049 10.5703 6.14016 10.6407C6.06984 10.711 5.97446 10.7505 5.875 10.7505C5.77554 10.7505 5.68016 10.711 5.60984 10.6407C5.53951 10.5703 5.5 10.475 5.5 10.3755V8.798L4.4335 9.865C4.39867 9.89983 4.35731 9.92746 4.3118 9.94632C4.26629 9.96517 4.21751 9.97487 4.16825 9.97487C4.11899 9.97487 4.07021 9.96517 4.0247 9.94632C3.97919 9.92746 3.93783 9.89983 3.903 9.865C3.86817 9.83017 3.84054 9.78881 3.82168 9.7433C3.80283 9.69779 3.79313 9.64901 3.79313 9.59975C3.79313 9.55049 3.80283 9.50171 3.82168 9.4562C3.84054 9.41069 3.86817 9.36933 3.903 9.3345L5.5 7.737V6.25H4.013L2.416 7.847C2.34491 7.91324 2.25089 7.9493 2.15374 7.94759C2.05659 7.94587 1.9639 7.90652 1.89519 7.83781C1.82648 7.7691 1.78713 7.67641 1.78541 7.57926C1.7837 7.48211 1.81976 7.38809 1.886 7.317L2.952 6.25H1.375C1.27554 6.25 1.18016 6.21049 1.10983 6.14016C1.03951 6.06984 1 5.97446 1 5.875C1 5.77554 1.03951 5.68016 1.10983 5.60984C1.18016 5.53951 1.27554 5.5 1.375 5.5H2.9525L1.885 4.4335C1.81465 4.36315 1.77513 4.26774 1.77513 4.16825C1.77513 4.06876 1.81465 3.97335 1.885 3.903C1.95535 3.83265 2.05076 3.79313 2.15025 3.79313C2.24974 3.79313 2.34515 3.83265 2.4155 3.903L4.013 5.5H5.5V4.013L3.903 2.416C3.86616 2.38167 3.83661 2.34027 3.81611 2.29427C3.79561 2.24827 3.78459 2.19861 3.7837 2.14826C3.78282 2.09791 3.79208 2.0479 3.81094 2.0012C3.8298 1.95451 3.85787 1.91209 3.89348 1.87648C3.92909 1.84087 3.97151 1.8128 4.0182 1.79394C4.0649 1.77508 4.11491 1.76582 4.16526 1.7667C4.21561 1.76759 4.26527 1.77861 4.31127 1.79911C4.35727 1.81961 4.39867 1.84916 4.433 1.886L5.5 2.952V1.375C5.5 1.27554 5.53951 1.18016 5.60984 1.10983C5.68016 1.03951 5.77554 1 5.875 1Z" fill="#318CF7"></path></svg></span><span class="txt_box" style="color:#318CF7">냉동</span></li><li class="category_info flex_all_center gap_2"><span class="txt_box">수입소</span><span class="dp_i_flex svg_box "><svg xmlns="http://www.w3.org/2000/svg" width="8" height="8" viewBox="0 0 12 12" fill="none"><path d="M4.14678 2.14652C4.05305 2.24028 4.00039 2.36743 4.00039 2.50002C4.00039 2.6326 4.05305 2.75975 4.14678 2.85352L7.29328 6.00002L4.14678 9.14651C4.09903 9.19264 4.06094 9.24781 4.03473 9.30881C4.00853 9.36981 3.99474 9.43543 3.99416 9.50181C3.99358 9.5682 4.00623 9.63404 4.03137 9.69549C4.05651 9.75694 4.09364 9.81277 4.14059 9.85971C4.18753 9.90666 4.24336 9.94379 4.30481 9.96893C4.36626 9.99407 4.4321 10.0067 4.49849 10.0061C4.56487 10.0056 4.63048 9.99177 4.69149 9.96557C4.75249 9.93936 4.80766 9.90127 4.85378 9.85352L8.35379 6.35352C8.44752 6.25975 8.50018 6.1326 8.50018 6.00002C8.50018 5.86743 8.44752 5.74028 8.35379 5.64652L4.85378 2.14652C4.76002 2.05278 4.63287 2.00012 4.50028 2.00012C4.3677 2.00012 4.24055 2.05278 4.14678 2.14652Z" fill="#BABEC4"></path></svg></span><span class="txt_box">세절&amp;분쇄</span></li></ul><p class="product_name">[업소용/큐브] 앞다리/전각20mm - 호주 | 킬코이 - GF</p><span class="sample_grey_text">찹스테이크용 구이용 10kg(1kg*10ea)</span><div class="price_wrap"><span class="price_info"><em>134,600원</em></span><span class="price_unit">kg당 13,460원 | 총 10kg</span></div><div class="txt_label_wrap"><span class="txt_area_label label--warm"><span class="label__text">택배</span></span></div><ul class="rating_wrap"><li class="rating_star"><span class="dp_i_flex svg_box "><svg width="12" height="12" viewBox="0 0 16 17" fill="none" xmlns="http://www.w3.org/2000/svg"><path d="M3.91761 15.2225C4.16353 15.4174 4.47604 15.3483 4.84825 15.0654L8.02416 12.6269L11.2062 15.0654C11.5784 15.3483 11.8845 15.4174 12.1369 15.2225C12.3828 15.0276 12.4371 14.7071 12.287 14.2483L11.032 10.3393L14.2382 7.92602C14.6104 7.64956 14.7605 7.36023 14.6644 7.04624C14.5684 6.74457 14.2861 6.59361 13.8239 6.60004L9.89133 6.62498L8.69659 2.6972C8.55262 2.23224 8.33668 1.99976 8.02416 1.99976C7.71804 1.99976 7.50184 2.23224 7.35762 2.6972L6.16288 6.62498L2.23052 6.60004C1.76815 6.59361 1.48611 6.74457 1.39005 7.04624C1.28784 7.3605 1.44384 7.64956 1.81631 7.92602L5.02218 10.3393L3.7675 14.2483C3.61739 14.7071 3.67144 15.0276 3.91761 15.2225Z" fill="#FFC42F"></path></svg></span><span class="txt_box">5.0</span></li><li><span class="txt_box">재고 <!-- -->10</span></li></ul></div></div></div></div><div class="swiper-slide"><div class="bgInherit" style="cursor:pointer"><div role="button" class="product_card type1 stack_vertical false"><div class="img_wrap"><div class="bg_wrap"><p class="absolute_full"><img alt="상품_섬네일_이미지" loading="lazy" width="500" height="500" decoding="async" data-nimg="1" class="full_image" style="color:transparent" src="https://img-cdn.meatbox.co.kr/m/images/itemImage/2025/03/27/09/15/mo_thumb_productThumbnail_139751_20250327091557.jpg"/></p><div class="label_area" style="cursor:pointer"><div class="none_style_btn cart_button"><button class="clear_button " type="button"><div class="p_relative util_item"><span class="dp_i_flex svg_box "><svg width="32" height="32" viewBox="0 0 32 32" fill="none" xmlns="http://www.w3.org/2000/svg"><path d="M0 16C0 7.16344 7.16344 0 16 0C24.8366 0 32 7.16344 32 16C32 24.8366 24.8366 32 16 32C7.16344 32 0 24.8366 0 16Z" fill="#232221" fill-opacity="0.5"></path><path fill-rule="evenodd" clip-rule="evenodd" d="M8.32286 7.90084C8.65386 7.80292 9.00157 7.99187 9.09949 8.32286L9.55871 9.87516H21.7702C23.3041 9.87516 24.4742 11.305 24.0321 12.8005L22.6537 17.4672C22.359 18.4613 21.4274 19.1252 20.3918 19.1252H12.7602C11.7241 19.1252 10.7914 18.4613 10.4975 17.4674L7.90084 8.67746C7.80292 8.34647 7.99187 7.99876 8.32286 7.90084ZM9.92806 11.1252L11.6962 17.1129C11.8256 17.5507 12.2513 17.8752 12.7602 17.8752H20.3918C20.8994 17.8752 21.3246 17.5519 21.455 17.1129L22.8333 12.4465C23.0209 11.8121 22.5328 11.1252 21.7702 11.1252H9.92806ZM11.7577 20.9243C12.1093 20.5727 12.5862 20.3752 13.0835 20.3752C13.5808 20.3752 14.0577 20.5727 14.4093 20.9243C14.761 21.276 14.9585 21.7529 14.9585 22.2502C14.9585 22.7474 14.761 23.2244 14.4093 23.576C14.0577 23.9276 13.5808 24.1252 13.0835 24.1252C12.5862 24.1252 12.1093 23.9276 11.7577 23.576C11.406 23.2244 11.2085 22.7474 11.2085 22.2502C11.2085 21.7529 11.406 21.276 11.7577 20.9243ZM13.0835 21.6252C12.9177 21.6252 12.7588 21.691 12.6416 21.8082C12.5243 21.9254 12.4585 22.0844 12.4585 22.2502C12.4585 22.4159 12.5243 22.5749 12.6416 22.6921C12.7588 22.8093 12.9177 22.8752 13.0835 22.8752C13.2493 22.8752 13.4082 22.8093 13.5254 22.6921C13.6426 22.5749 13.7085 22.4159 13.7085 22.2502C13.7085 22.0844 13.6426 21.9254 13.5254 21.8082C13.4082 21.691 13.2493 21.6252 13.0835 21.6252ZM18.4243 20.9243C18.776 20.5727 19.2529 20.3752 19.7502 20.3752C20.2474 20.3752 20.7244 20.5727 21.076 20.9243C21.4276 21.276 21.6252 21.7529 21.6252 22.2502C21.6252 22.7474 21.4276 23.2244 21.076 23.576C20.7244 23.9276 20.2474 24.1252 19.7502 24.1252C19.2529 24.1252 18.776 23.9276 18.4243 23.576C18.0727 23.2244 17.8752 22.7474 17.8752 22.2502C17.8752 21.7529 18.0727 21.276 18.4243 20.9243ZM19.7502 21.6252C19.5844 21.6252 19.4254 21.691 19.3082 21.8082C19.191 21.9254 19.1252 22.0844 19.1252 22.2502C19.1252 22.4159 19.191 22.5749 19.3082 22.6921C19.4254 22.8093 19.5844 22.8752 19.7502 22.8752C19.9159 22.8752 20.0749 22.8093 20.1921 22.6921C20.3093 22.5749 20.3752 22.4159 20.3752 22.2502C20.3752 22.0844 20.3093 21.9254 20.1921 21.8082C20.0749 21.691 19.9159 21.6252 19.7502 21.6252Z" fill="white"></path></svg></span></div><span class="txt_box sr-only">장바구니버튼</span></button></div></div></div></div><div class="txt_wrap mt_8" style="overflow:hidden"><div class="flex_side"><button class="none_style_btn btn_brand_name"><span class="txt_box">엑셀</span></button><ul class="icon_list"><li class="tooltip_area p_relative swiper-no-swiping"><div id="__MoreInfoButton__"><button class="none_style_btn"><span class="dp_i_flex svg_box "><svg width="16" height="16" viewBox="0 0 16 17" fill="none" xmlns="http://www.w3.org/2000/svg"><path d="M8.00001 5.66671C7.8468 5.66671 7.69509 5.63653 7.55355 5.5779C7.412 5.51927 7.28339 5.43333 7.17505 5.325C7.06672 5.21666 6.98078 5.08805 6.92215 4.9465C6.86352 4.80496 6.83334 4.65325 6.83334 4.50004C6.83334 4.34683 6.86352 4.19512 6.92215 4.05358C6.98078 3.91203 7.06672 3.78342 7.17505 3.67508C7.28339 3.56675 7.412 3.48081 7.55355 3.42218C7.69509 3.36355 7.8468 3.33337 8.00001 3.33337C8.30943 3.33337 8.60618 3.45629 8.82497 3.67508C9.04376 3.89388 9.16668 4.19062 9.16668 4.50004C9.16668 4.80946 9.04376 5.10621 8.82497 5.325C8.60618 5.54379 8.30943 5.66671 8.00001 5.66671ZM8.00001 9.66671C7.69059 9.66671 7.39384 9.54379 7.17505 9.325C6.95626 9.10621 6.83334 8.80946 6.83334 8.50004C6.83334 8.19062 6.95626 7.89388 7.17505 7.67508C7.39384 7.45629 7.69059 7.33337 8.00001 7.33337C8.30943 7.33337 8.60618 7.45629 8.82497 7.67508C9.04376 7.89388 9.16668 8.19062 9.16668 8.50004C9.16668 8.80946 9.04376 9.10621 8.82497 9.325C8.60618 9.54379 8.30943 9.66671 8.00001 9.66671ZM6.83334 12.5C6.83334 12.8095 6.95626 13.1062 7.17505 13.325C7.39384 13.5438 7.69059 13.6667 8.00001 13.6667C8.30943 13.6667 8.60618 13.5438 8.82497 13.325C9.04376 13.1062 9.16668 12.8095 9.16668 12.5C9.16668 12.1906 9.04376 11.8939 8.82497 11.6751C8.60618 11.4563 8.30943 11.3334 8.00001 11.3334C7.69059 11.3334 7.39384 11.4563 7.17505 11.6751C6.95626 11.8939 6.83334 12.1906 6.83334 12.5Z" fill="#232221"></path></svg></span></button></div></li></ul></div><ul class="category_wrap"><li class="category_info storage_type"><span class="dp_i_flex svg_box "><svg width="12" height="12" viewBox="0 0 12 12" fill="none" xmlns="http://www.w3.org/2000/svg"><path d="M5.875 1C5.97446 1 6.06984 1.03951 6.14016 1.10983C6.21049 1.18016 6.25 1.27554 6.25 1.375V2.9525L7.3165 1.8855C7.35133 1.85067 7.39269 1.82304 7.4382 1.80418C7.48371 1.78533 7.53249 1.77563 7.58175 1.77563C7.63101 1.77563 7.67979 1.78533 7.7253 1.80418C7.77081 1.82304 7.81217 1.85067 7.847 1.8855C7.88183 1.92033 7.90946 1.96169 7.92832 2.0072C7.94717 2.05271 7.95687 2.10149 7.95687 2.15075C7.95687 2.20001 7.94717 2.24879 7.92832 2.2943C7.90946 2.33981 7.88183 2.38117 7.847 2.416L6.25 4.013V5.5H7.737L9.334 3.903C9.40509 3.83676 9.49911 3.8007 9.59626 3.80241C9.69341 3.80413 9.7861 3.84348 9.85481 3.91219C9.92352 3.9809 9.96287 4.07359 9.96459 4.17074C9.9663 4.26789 9.93024 4.36191 9.864 4.433L8.798 5.5H10.3755C10.475 5.5 10.5703 5.53951 10.6407 5.60984C10.711 5.68016 10.7505 5.77554 10.7505 5.875C10.7505 5.97446 10.711 6.06984 10.6407 6.14016C10.5703 6.21049 10.475 6.25 10.3755 6.25H8.798L9.865 7.3165C9.89983 7.35133 9.92746 7.39269 9.94632 7.4382C9.96517 7.48371 9.97487 7.53249 9.97487 7.58175C9.97487 7.63101 9.96517 7.67979 9.94632 7.7253C9.92746 7.77081 9.89983 7.81217 9.865 7.847C9.83017 7.88183 9.78881 7.90946 9.7433 7.92832C9.69779 7.94717 9.64901 7.95687 9.59975 7.95687C9.55049 7.95687 9.50171 7.94717 9.4562 7.92832C9.41069 7.90946 9.36933 7.88183 9.3345 7.847L7.737 6.25H6.25V7.737L7.847 9.334C7.91324 9.40509 7.9493 9.49911 7.94759 9.59626C7.94587 9.69341 7.90652 9.7861 7.83781 9.85481C7.7691 9.92352 7.67641 9.96287 7.57926 9.96459C7.48211 9.9663 7.38809 9.93024 7.317 9.864L6.25 8.798V10.3755C6.25 10.475 6.21049 10.5703 6.14016 10.6407C6.06984 10.711 5.97446 10.7505 5.875 10.7505C5.77554 10.7505 5.68016 10.711 5.60984 10.6407C5.53951 10.5703 5.5 10.475 5.5 10.3755V8.798L4.4335 9.865C4.39867 9.89983 4.35731 9.92746 4.3118 9.94632C4.26629 9.96517 4.21751 9.97487 4.16825 9.97487C4.11899 9.97487 4.07021 9.96517 4.0247 9.94632C3.97919 9.92746 3.93783 9.89983 3.903 9.865C3.86817 9.83017 3.84054 9.78881 3.82168 9.7433C3.80283 9.69779 3.79313 9.64901 3.79313 9.59975C3.79313 9.55049 3.80283 9.50171 3.82168 9.4562C3.84054 9.41069 3.86817 9.36933 3.903 9.3345L5.5 7.737V6.25H4.013L2.416 7.847C2.34491 7.91324 2.25089 7.9493 2.15374 7.94759C2.05659 7.94587 1.9639 7.90652 1.89519 7.83781C1.82648 7.7691 1.78713 7.67641 1.78541 7.57926C1.7837 7.48211 1.81976 7.38809 1.886 7.317L2.952 6.25H1.375C1.27554 6.25 1.18016 6.21049 1.10983 6.14016C1.03951 6.06984 1 5.97446 1 5.875C1 5.77554 1.03951 5.68016 1.10983 5.60984C1.18016 5.53951 1.27554 5.5 1.375 5.5H2.9525L1.885 4.4335C1.81465 4.36315 1.77513 4.26774 1.77513 4.16825C1.77513 4.06876 1.81465 3.97335 1.885 3.903C1.95535 3.83265 2.05076 3.79313 2.15025 3.79313C2.24974 3.79313 2.34515 3.83265 2.4155 3.903L4.013 5.5H5.5V4.013L3.903 2.416C3.86616 2.38167 3.83661 2.34027 3.81611 2.29427C3.79561 2.24827 3.78459 2.19861 3.7837 2.14826C3.78282 2.09791 3.79208 2.0479 3.81094 2.0012C3.8298 1.95451 3.85787 1.91209 3.89348 1.87648C3.92909 1.84087 3.97151 1.8128 4.0182 1.79394C4.0649 1.77508 4.11491 1.76582 4.16526 1.7667C4.21561 1.76759 4.26527 1.77861 4.31127 1.79911C4.35727 1.81961 4.39867 1.84916 4.433 1.886L5.5 2.952V1.375C5.5 1.27554 5.53951 1.18016 5.60984 1.10983C5.68016 1.03951 5.77554 1 5.875 1Z" fill="#318CF7"></path></svg></span><span class="txt_box" style="color:#318CF7">냉동</span></li><li class="category_info flex_all_center gap_2"><span class="txt_box">수입소</span><span class="dp_i_flex svg_box "><svg xmlns="http://www.w3.org/2000/svg" width="8" height="8" viewBox="0 0 12 12" fill="none"><path d="M4.14678 2.14652C4.05305 2.24028 4.00039 2.36743 4.00039 2.50002C4.00039 2.6326 4.05305 2.75975 4.14678 2.85352L7.29328 6.00002L4.14678 9.14651C4.09903 9.19264 4.06094 9.24781 4.03473 9.30881C4.00853 9.36981 3.99474 9.43543 3.99416 9.50181C3.99358 9.5682 4.00623 9.63404 4.03137 9.69549C4.05651 9.75694 4.09364 9.81277 4.14059 9.85971C4.18753 9.90666 4.24336 9.94379 4.30481 9.96893C4.36626 9.99407 4.4321 10.0067 4.49849 10.0061C4.56487 10.0056 4.63048 9.99177 4.69149 9.96557C4.75249 9.93936 4.80766 9.90127 4.85378 9.85352L8.35379 6.35352C8.44752 6.25975 8.50018 6.1326 8.50018 6.00002C8.50018 5.86743 8.44752 5.74028 8.35379 5.64652L4.85378 2.14652C4.76002 2.05278 4.63287 2.00012 4.50028 2.00012C4.3677 2.00012 4.24055 2.05278 4.14678 2.14652Z" fill="#BABEC4"></path></svg></span><span class="txt_box">세절&amp;분쇄</span></li></ul><p class="product_name">[업소용/슬라이스] 삼겹양지2.5mm - 미국 | 엑셀 - 언그레이드</p><span class="sample_grey_text">구이용/샤브샤브용 10kg(1kg*10ea)</span><div class="price_wrap"><span class="price_info"><em>114,000원</em></span><span class="price_unit">kg당 11,400원 | 총 10kg</span></div><div class="txt_label_wrap"><span class="txt_area_label label--warm"><span class="label__text">택배</span></span></div><ul class="rating_wrap"><li><span class="txt_box">재고 <!-- -->6</span></li></ul></div></div></div></div><div class="swiper-slide"><div class="bgInherit" style="cursor:pointer"><div role="button" class="product_card type1 stack_vertical false"><div class="img_wrap"><div class="bg_wrap"><p class="absolute_full"><img alt="상품_섬네일_이미지" loading="lazy" width="500" height="500" decoding="async" data-nimg="1" class="full_image" style="color:transparent" src="https://img-cdn.meatbox.co.kr/m/images/itemImage/2025/03/14/10/29/mo_thumb_productThumbnail_139751_20250314102947.jpg"/></p><div class="label_area" style="cursor:pointer"><div class="balloon_label pink  "><span class="txt_box">품절 예정</span><span class="angle-pixel left_top"></span></div><div class="none_style_btn cart_button"><button class="clear_button " type="button"><div class="p_relative util_item"><span class="dp_i_flex svg_box "><svg width="32" height="32" viewBox="0 0 32 32" fill="none" xmlns="http://www.w3.org/2000/svg"><path d="M0 16C0 7.16344 7.16344 0 16 0C24.8366 0 32 7.16344 32 16C32 24.8366 24.8366 32 16 32C7.16344 32 0 24.8366 0 16Z" fill="#232221" fill-opacity="0.5"></path><path fill-rule="evenodd" clip-rule="evenodd" d="M8.32286 7.90084C8.65386 7.80292 9.00157 7.99187 9.09949 8.32286L9.55871 9.87516H21.7702C23.3041 9.87516 24.4742 11.305 24.0321 12.8005L22.6537 17.4672C22.359 18.4613 21.4274 19.1252 20.3918 19.1252H12.7602C11.7241 19.1252 10.7914 18.4613 10.4975 17.4674L7.90084 8.67746C7.80292 8.34647 7.99187 7.99876 8.32286 7.90084ZM9.92806 11.1252L11.6962 17.1129C11.8256 17.5507 12.2513 17.8752 12.7602 17.8752H20.3918C20.8994 17.8752 21.3246 17.5519 21.455 17.1129L22.8333 12.4465C23.0209 11.8121 22.5328 11.1252 21.7702 11.1252H9.92806ZM11.7577 20.9243C12.1093 20.5727 12.5862 20.3752 13.0835 20.3752C13.5808 20.3752 14.0577 20.5727 14.4093 20.9243C14.761 21.276 14.9585 21.7529 14.9585 22.2502C14.9585 22.7474 14.761 23.2244 14.4093 23.576C14.0577 23.9276 13.5808 24.1252 13.0835 24.1252C12.5862 24.1252 12.1093 23.9276 11.7577 23.576C11.406 23.2244 11.2085 22.7474 11.2085 22.2502C11.2085 21.7529 11.406 21.276 11.7577 20.9243ZM13.0835 21.6252C12.9177 21.6252 12.7588 21.691 12.6416 21.8082C12.5243 21.9254 12.4585 22.0844 12.4585 22.2502C12.4585 22.4159 12.5243 22.5749 12.6416 22.6921C12.7588 22.8093 12.9177 22.8752 13.0835 22.8752C13.2493 22.8752 13.4082 22.8093 13.5254 22.6921C13.6426 22.5749 13.7085 22.4159 13.7085 22.2502C13.7085 22.0844 13.6426 21.9254 13.5254 21.8082C13.4082 21.691 13.2493 21.6252 13.0835 21.6252ZM18.4243 20.9243C18.776 20.5727 19.2529 20.3752 19.7502 20.3752C20.2474 20.3752 20.7244 20.5727 21.076 20.9243C21.4276 21.276 21.6252 21.7529 21.6252 22.2502C21.6252 22.7474 21.4276 23.2244 21.076 23.576C20.7244 23.9276 20.2474 24.1252 19.7502 24.1252C19.2529 24.1252 18.776 23.9276 18.4243 23.576C18.0727 23.2244 17.8752 22.7474 17.8752 22.2502C17.8752 21.7529 18.0727 21.276 18.4243 20.9243ZM19.7502 21.6252C19.5844 21.6252 19.4254 21.691 19.3082 21.8082C19.191 21.9254 19.1252 22.0844 19.1252 22.2502C19.1252 22.4159 19.191 22.5749 19.3082 22.6921C19.4254 22.8093 19.5844 22.8752 19.7502 22.8752C19.9159 22.8752 20.0749 22.8093 20.1921 22.6921C20.3093 22.5749 20.3752 22.4159 20.3752 22.2502C20.3752 22.0844 20.3093 21.9254 20.1921 21.8082C20.0749 21.691 19.9159 21.6252 19.7502 21.6252Z" fill="white"></path></svg></span></div><span class="txt_box sr-only">장바구니버튼</span></button></div></div></div></div><div class="txt_wrap mt_8" style="overflow:hidden"><div class="flex_side"><button class="none_style_btn btn_brand_name"><span class="txt_box">킬코이</span></button><ul class="icon_list"><li class="tooltip_area p_relative swiper-no-swiping"><div id="__MoreInfoButton__"><button class="none_style_btn"><span class="dp_i_flex svg_box "><svg width="16" height="16" viewBox="0 0 16 17" fill="none" xmlns="http://www.w3.org/2000/svg"><path d="M8.00001 5.66671C7.8468 5.66671 7.69509 5.63653 7.55355 5.5779C7.412 5.51927 7.28339 5.43333 7.17505 5.325C7.06672 5.21666 6.98078 5.08805 6.92215 4.9465C6.86352 4.80496 6.83334 4.65325 6.83334 4.50004C6.83334 4.34683 6.86352 4.19512 6.92215 4.05358C6.98078 3.91203 7.06672 3.78342 7.17505 3.67508C7.28339 3.56675 7.412 3.48081 7.55355 3.42218C7.69509 3.36355 7.8468 3.33337 8.00001 3.33337C8.30943 3.33337 8.60618 3.45629 8.82497 3.67508C9.04376 3.89388 9.16668 4.19062 9.16668 4.50004C9.16668 4.80946 9.04376 5.10621 8.82497 5.325C8.60618 5.54379 8.30943 5.66671 8.00001 5.66671ZM8.00001 9.66671C7.69059 9.66671 7.39384 9.54379 7.17505 9.325C6.95626 9.10621 6.83334 8.80946 6.83334 8.50004C6.83334 8.19062 6.95626 7.89388 7.17505 7.67508C7.39384 7.45629 7.69059 7.33337 8.00001 7.33337C8.30943 7.33337 8.60618 7.45629 8.82497 7.67508C9.04376 7.89388 9.16668 8.19062 9.16668 8.50004C9.16668 8.80946 9.04376 9.10621 8.82497 9.325C8.60618 9.54379 8.30943 9.66671 8.00001 9.66671ZM6.83334 12.5C6.83334 12.8095 6.95626 13.1062 7.17505 13.325C7.39384 13.5438 7.69059 13.6667 8.00001 13.6667C8.30943 13.6667 8.60618 13.5438 8.82497 13.325C9.04376 13.1062 9.16668 12.8095 9.16668 12.5C9.16668 12.1906 9.04376 11.8939 8.82497 11.6751C8.60618 11.4563 8.30943 11.3334 8.00001 11.3334C7.69059 11.3334 7.39384 11.4563 7.17505 11.6751C6.95626 11.8939 6.83334 12.1906 6.83334 12.5Z" fill="#232221"></path></svg></span></button></div></li></ul></div><ul class="category_wrap"><li class="category_info storage_type"><span class="dp_i_flex svg_box "><svg width="12" height="12" viewBox="0 0 12 12" fill="none" xmlns="http://www.w3.org/2000/svg"><path d="M5.875 1C5.97446 1 6.06984 1.03951 6.14016 1.10983C6.21049 1.18016 6.25 1.27554 6.25 1.375V2.9525L7.3165 1.8855C7.35133 1.85067 7.39269 1.82304 7.4382 1.80418C7.48371 1.78533 7.53249 1.77563 7.58175 1.77563C7.63101 1.77563 7.67979 1.78533 7.7253 1.80418C7.77081 1.82304 7.81217 1.85067 7.847 1.8855C7.88183 1.92033 7.90946 1.96169 7.92832 2.0072C7.94717 2.05271 7.95687 2.10149 7.95687 2.15075C7.95687 2.20001 7.94717 2.24879 7.92832 2.2943C7.90946 2.33981 7.88183 2.38117 7.847 2.416L6.25 4.013V5.5H7.737L9.334 3.903C9.40509 3.83676 9.49911 3.8007 9.59626 3.80241C9.69341 3.80413 9.7861 3.84348 9.85481 3.91219C9.92352 3.9809 9.96287 4.07359 9.96459 4.17074C9.9663 4.26789 9.93024 4.36191 9.864 4.433L8.798 5.5H10.3755C10.475 5.5 10.5703 5.53951 10.6407 5.60984C10.711 5.68016 10.7505 5.77554 10.7505 5.875C10.7505 5.97446 10.711 6.06984 10.6407 6.14016C10.5703 6.21049 10.475 6.25 10.3755 6.25H8.798L9.865 7.3165C9.89983 7.35133 9.92746 7.39269 9.94632 7.4382C9.96517 7.48371 9.97487 7.53249 9.97487 7.58175C9.97487 7.63101 9.96517 7.67979 9.94632 7.7253C9.92746 7.77081 9.89983 7.81217 9.865 7.847C9.83017 7.88183 9.78881 7.90946 9.7433 7.92832C9.69779 7.94717 9.64901 7.95687 9.59975 7.95687C9.55049 7.95687 9.50171 7.94717 9.4562 7.92832C9.41069 7.90946 9.36933 7.88183 9.3345 7.847L7.737 6.25H6.25V7.737L7.847 9.334C7.91324 9.40509 7.9493 9.49911 7.94759 9.59626C7.94587 9.69341 7.90652 9.7861 7.83781 9.85481C7.7691 9.92352 7.67641 9.96287 7.57926 9.96459C7.48211 9.9663 7.38809 9.93024 7.317 9.864L6.25 8.798V10.3755C6.25 10.475 6.21049 10.5703 6.14016 10.6407C6.06984 10.711 5.97446 10.7505 5.875 10.7505C5.77554 10.7505 5.68016 10.711 5.60984 10.6407C5.53951 10.5703 5.5 10.475 5.5 10.3755V8.798L4.4335 9.865C4.39867 9.89983 4.35731 9.92746 4.3118 9.94632C4.26629 9.96517 4.21751 9.97487 4.16825 9.97487C4.11899 9.97487 4.07021 9.96517 4.0247 9.94632C3.97919 9.92746 3.93783 9.89983 3.903 9.865C3.86817 9.83017 3.84054 9.78881 3.82168 9.7433C3.80283 9.69779 3.79313 9.64901 3.79313 9.59975C3.79313 9.55049 3.80283 9.50171 3.82168 9.4562C3.84054 9.41069 3.86817 9.36933 3.903 9.3345L5.5 7.737V6.25H4.013L2.416 7.847C2.34491 7.91324 2.25089 7.9493 2.15374 7.94759C2.05659 7.94587 1.9639 7.90652 1.89519 7.83781C1.82648 7.7691 1.78713 7.67641 1.78541 7.57926C1.7837 7.48211 1.81976 7.38809 1.886 7.317L2.952 6.25H1.375C1.27554 6.25 1.18016 6.21049 1.10983 6.14016C1.03951 6.06984 1 5.97446 1 5.875C1 5.77554 1.03951 5.68016 1.10983 5.60984C1.18016 5.53951 1.27554 5.5 1.375 5.5H2.9525L1.885 4.4335C1.81465 4.36315 1.77513 4.26774 1.77513 4.16825C1.77513 4.06876 1.81465 3.97335 1.885 3.903C1.95535 3.83265 2.05076 3.79313 2.15025 3.79313C2.24974 3.79313 2.34515 3.83265 2.4155 3.903L4.013 5.5H5.5V4.013L3.903 2.416C3.86616 2.38167 3.83661 2.34027 3.81611 2.29427C3.79561 2.24827 3.78459 2.19861 3.7837 2.14826C3.78282 2.09791 3.79208 2.0479 3.81094 2.0012C3.8298 1.95451 3.85787 1.91209 3.89348 1.87648C3.92909 1.84087 3.97151 1.8128 4.0182 1.79394C4.0649 1.77508 4.11491 1.76582 4.16526 1.7667C4.21561 1.76759 4.26527 1.77861 4.31127 1.79911C4.35727 1.81961 4.39867 1.84916 4.433 1.886L5.5 2.952V1.375C5.5 1.27554 5.53951 1.18016 5.60984 1.10983C5.68016 1.03951 5.77554 1 5.875 1Z" fill="#318CF7"></path></svg></span><span class="txt_box" style="color:#318CF7">냉동</span></li><li class="category_info flex_all_center gap_2"><span class="txt_box">수입소</span><span class="dp_i_flex svg_box "><svg xmlns="http://www.w3.org/2000/svg" width="8" height="8" viewBox="0 0 12 12" fill="none"><path d="M4.14678 2.14652C4.05305 2.24028 4.00039 2.36743 4.00039 2.50002C4.00039 2.6326 4.05305 2.75975 4.14678 2.85352L7.29328 6.00002L4.14678 9.14651C4.09903 9.19264 4.06094 9.24781 4.03473 9.30881C4.00853 9.36981 3.99474 9.43543 3.99416 9.50181C3.99358 9.5682 4.00623 9.63404 4.03137 9.69549C4.05651 9.75694 4.09364 9.81277 4.14059 9.85971C4.18753 9.90666 4.24336 9.94379 4.30481 9.96893C4.36626 9.99407 4.4321 10.0067 4.49849 10.0061C4.56487 10.0056 4.63048 9.99177 4.69149 9.96557C4.75249 9.93936 4.80766 9.90127 4.85378 9.85352L8.35379 6.35352C8.44752 6.25975 8.50018 6.1326 8.50018 6.00002C8.50018 5.86743 8.44752 5.74028 8.35379 5.64652L4.85378 2.14652C4.76002 2.05278 4.63287 2.00012 4.50028 2.00012C4.3677 2.00012 4.24055 2.05278 4.14678 2.14652Z" fill="#BABEC4"></path></svg></span><span class="txt_box">세절&amp;분쇄</span></li></ul><p class="product_name">[큐브]부채살20mm - 호주 | 킬코이 - GF</p><span class="sample_grey_text">찹스테이크용 깍뚝썰기 12kg(1kg*12ea) </span><div class="price_wrap"><span class="price_info"><em>201,360원</em></span><span class="price_unit">kg당 16,780원 | 총 12kg</span></div><div class="txt_label_wrap"><span class="txt_area_label label--warm"><span class="label__text">택배</span></span></div><ul class="rating_wrap"><li class="rating_star"><span class="dp_i_flex svg_box "><svg width="12" height="12" viewBox="0 0 16 17" fill="none" xmlns="http://www.w3.org/2000/svg"><path d="M3.91761 15.2225C4.16353 15.4174 4.47604 15.3483 4.84825 15.0654L8.02416 12.6269L11.2062 15.0654C11.5784 15.3483 11.8845 15.4174 12.1369 15.2225C12.3828 15.0276 12.4371 14.7071 12.287 14.2483L11.032 10.3393L14.2382 7.92602C14.6104 7.64956 14.7605 7.36023 14.6644 7.04624C14.5684 6.74457 14.2861 6.59361 13.8239 6.60004L9.89133 6.62498L8.69659 2.6972C8.55262 2.23224 8.33668 1.99976 8.02416 1.99976C7.71804 1.99976 7.50184 2.23224 7.35762 2.6972L6.16288 6.62498L2.23052 6.60004C1.76815 6.59361 1.48611 6.74457 1.39005 7.04624C1.28784 7.3605 1.44384 7.64956 1.81631 7.92602L5.02218 10.3393L3.7675 14.2483C3.61739 14.7071 3.67144 15.0276 3.91761 15.2225Z" fill="#FFC42F"></path></svg></span><span class="txt_box">4.0</span></li><li><span class="txt_box">재고 <!-- -->1</span></li></ul></div></div></div></div><div class="swiper-slide"><div class="bgInherit" style="cursor:pointer"><div role="button" class="product_card type1 stack_vertical false"><div class="img_wrap"><div class="bg_wrap"><p class="absolute_full"><img alt="상품_섬네일_이미지" loading="lazy" width="500" height="500" decoding="async" data-nimg="1" class="full_image" style="color:transparent" src="https://img-cdn.meatbox.co.kr/m/images/itemImage/2025/03/13/12/16/mo_thumb_productThumbnail_139751_20250313121602.jpg"/></p><div class="label_area" style="cursor:pointer"><div class="none_style_btn cart_button"><button class="clear_button " type="button"><div class="p_relative util_item"><span class="dp_i_flex svg_box "><svg width="32" height="32" viewBox="0 0 32 32" fill="none" xmlns="http://www.w3.org/2000/svg"><path d="M0 16C0 7.16344 7.16344 0 16 0C24.8366 0 32 7.16344 32 16C32 24.8366 24.8366 32 16 32C7.16344 32 0 24.8366 0 16Z" fill="#232221" fill-opacity="0.5"></path><path fill-rule="evenodd" clip-rule="evenodd" d="M8.32286 7.90084C8.65386 7.80292 9.00157 7.99187 9.09949 8.32286L9.55871 9.87516H21.7702C23.3041 9.87516 24.4742 11.305 24.0321 12.8005L22.6537 17.4672C22.359 18.4613 21.4274 19.1252 20.3918 19.1252H12.7602C11.7241 19.1252 10.7914 18.4613 10.4975 17.4674L7.90084 8.67746C7.80292 8.34647 7.99187 7.99876 8.32286 7.90084ZM9.92806 11.1252L11.6962 17.1129C11.8256 17.5507 12.2513 17.8752 12.7602 17.8752H20.3918C20.8994 17.8752 21.3246 17.5519 21.455 17.1129L22.8333 12.4465C23.0209 11.8121 22.5328 11.1252 21.7702 11.1252H9.92806ZM11.7577 20.9243C12.1093 20.5727 12.5862 20.3752 13.0835 20.3752C13.5808 20.3752 14.0577 20.5727 14.4093 20.9243C14.761 21.276 14.9585 21.7529 14.9585 22.2502C14.9585 22.7474 14.761 23.2244 14.4093 23.576C14.0577 23.9276 13.5808 24.1252 13.0835 24.1252C12.5862 24.1252 12.1093 23.9276 11.7577 23.576C11.406 23.2244 11.2085 22.7474 11.2085 22.2502C11.2085 21.7529 11.406 21.276 11.7577 20.9243ZM13.0835 21.6252C12.9177 21.6252 12.7588 21.691 12.6416 21.8082C12.5243 21.9254 12.4585 22.0844 12.4585 22.2502C12.4585 22.4159 12.5243 22.5749 12.6416 22.6921C12.7588 22.8093 12.9177 22.8752 13.0835 22.8752C13.2493 22.8752 13.4082 22.8093 13.5254 22.6921C13.6426 22.5749 13.7085 22.4159 13.7085 22.2502C13.7085 22.0844 13.6426 21.9254 13.5254 21.8082C13.4082 21.691 13.2493 21.6252 13.0835 21.6252ZM18.4243 20.9243C18.776 20.5727 19.2529 20.3752 19.7502 20.3752C20.2474 20.3752 20.7244 20.5727 21.076 20.9243C21.4276 21.276 21.6252 21.7529 21.6252 22.2502C21.6252 22.7474 21.4276 23.2244 21.076 23.576C20.7244 23.9276 20.2474 24.1252 19.7502 24.1252C19.2529 24.1252 18.776 23.9276 18.4243 23.576C18.0727 23.2244 17.8752 22.7474 17.8752 22.2502C17.8752 21.7529 18.0727 21.276 18.4243 20.9243ZM19.7502 21.6252C19.5844 21.6252 19.4254 21.691 19.3082 21.8082C19.191 21.9254 19.1252 22.0844 19.1252 22.2502C19.1252 22.4159 19.191 22.5749 19.3082 22.6921C19.4254 22.8093 19.5844 22.8752 19.7502 22.8752C19.9159 22.8752 20.0749 22.8093 20.1921 22.6921C20.3093 22.5749 20.3752 22.4159 20.3752 22.2502C20.3752 22.0844 20.3093 21.9254 20.1921 21.8082C20.0749 21.691 19.9159 21.6252 19.7502 21.6252Z" fill="white"></path></svg></span></div><span class="txt_box sr-only">장바구니버튼</span></button></div></div></div></div><div class="txt_wrap mt_8" style="overflow:hidden"><div class="flex_side"><button class="none_style_btn btn_brand_name"><span class="txt_box">킬코이</span></button><ul class="icon_list"><li class="tooltip_area p_relative swiper-no-swiping"><div id="__MoreInfoButton__"><button class="none_style_btn"><span class="dp_i_flex svg_box "><svg width="16" height="16" viewBox="0 0 16 17" fill="none" xmlns="http://www.w3.org/2000/svg"><path d="M8.00001 5.66671C7.8468 5.66671 7.69509 5.63653 7.55355 5.5779C7.412 5.51927 7.28339 5.43333 7.17505 5.325C7.06672 5.21666 6.98078 5.08805 6.92215 4.9465C6.86352 4.80496 6.83334 4.65325 6.83334 4.50004C6.83334 4.34683 6.86352 4.19512 6.92215 4.05358C6.98078 3.91203 7.06672 3.78342 7.17505 3.67508C7.28339 3.56675 7.412 3.48081 7.55355 3.42218C7.69509 3.36355 7.8468 3.33337 8.00001 3.33337C8.30943 3.33337 8.60618 3.45629 8.82497 3.67508C9.04376 3.89388 9.16668 4.19062 9.16668 4.50004C9.16668 4.80946 9.04376 5.10621 8.82497 5.325C8.60618 5.54379 8.30943 5.66671 8.00001 5.66671ZM8.00001 9.66671C7.69059 9.66671 7.39384 9.54379 7.17505 9.325C6.95626 9.10621 6.83334 8.80946 6.83334 8.50004C6.83334 8.19062 6.95626 7.89388 7.17505 7.67508C7.39384 7.45629 7.69059 7.33337 8.00001 7.33337C8.30943 7.33337 8.60618 7.45629 8.82497 7.67508C9.04376 7.89388 9.16668 8.19062 9.16668 8.50004C9.16668 8.80946 9.04376 9.10621 8.82497 9.325C8.60618 9.54379 8.30943 9.66671 8.00001 9.66671ZM6.83334 12.5C6.83334 12.8095 6.95626 13.1062 7.17505 13.325C7.39384 13.5438 7.69059 13.6667 8.00001 13.6667C8.30943 13.6667 8.60618 13.5438 8.82497 13.325C9.04376 13.1062 9.16668 12.8095 9.16668 12.5C9.16668 12.1906 9.04376 11.8939 8.82497 11.6751C8.60618 11.4563 8.30943 11.3334 8.00001 11.3334C7.69059 11.3334 7.39384 11.4563 7.17505 11.6751C6.95626 11.8939 6.83334 12.1906 6.83334 12.5Z" fill="#232221"></path></svg></span></button></div></li></ul></div><ul class="category_wrap"><li class="category_info storage_type"><span class="dp_i_flex svg_box "><svg width="12" height="12" viewBox="0 0 12 12" fill="none" xmlns="http://www.w3.org/2000/svg"><path d="M5.875 1C5.97446 1 6.06984 1.03951 6.14016 1.10983C6.21049 1.18016 6.25 1.27554 6.25 1.375V2.9525L7.3165 1.8855C7.35133 1.85067 7.39269 1.82304 7.4382 1.80418C7.48371 1.78533 7.53249 1.77563 7.58175 1.77563C7.63101 1.77563 7.67979 1.78533 7.7253 1.80418C7.77081 1.82304 7.81217 1.85067 7.847 1.8855C7.88183 1.92033 7.90946 1.96169 7.92832 2.0072C7.94717 2.05271 7.95687 2.10149 7.95687 2.15075C7.95687 2.20001 7.94717 2.24879 7.92832 2.2943C7.90946 2.33981 7.88183 2.38117 7.847 2.416L6.25 4.013V5.5H7.737L9.334 3.903C9.40509 3.83676 9.49911 3.8007 9.59626 3.80241C9.69341 3.80413 9.7861 3.84348 9.85481 3.91219C9.92352 3.9809 9.96287 4.07359 9.96459 4.17074C9.9663 4.26789 9.93024 4.36191 9.864 4.433L8.798 5.5H10.3755C10.475 5.5 10.5703 5.53951 10.6407 5.60984C10.711 5.68016 10.7505 5.77554 10.7505 5.875C10.7505 5.97446 10.711 6.06984 10.6407 6.14016C10.5703 6.21049 10.475 6.25 10.3755 6.25H8.798L9.865 7.3165C9.89983 7.35133 9.92746 7.39269 9.94632 7.4382C9.96517 7.48371 9.97487 7.53249 9.97487 7.58175C9.97487 7.63101 9.96517 7.67979 9.94632 7.7253C9.92746 7.77081 9.89983 7.81217 9.865 7.847C9.83017 7.88183 9.78881 7.90946 9.7433 7.92832C9.69779 7.94717 9.64901 7.95687 9.59975 7.95687C9.55049 7.95687 9.50171 7.94717 9.4562 7.92832C9.41069 7.90946 9.36933 7.88183 9.3345 7.847L7.737 6.25H6.25V7.737L7.847 9.334C7.91324 9.40509 7.9493 9.49911 7.94759 9.59626C7.94587 9.69341 7.90652 9.7861 7.83781 9.85481C7.7691 9.92352 7.67641 9.96287 7.57926 9.96459C7.48211 9.9663 7.38809 9.93024 7.317 9.864L6.25 8.798V10.3755C6.25 10.475 6.21049 10.5703 6.14016 10.6407C6.06984 10.711 5.97446 10.7505 5.875 10.7505C5.77554 10.7505 5.68016 10.711 5.60984 10.6407C5.53951 10.5703 5.5 10.475 5.5 10.3755V8.798L4.4335 9.865C4.39867 9.89983 4.35731 9.92746 4.3118 9.94632C4.26629 9.96517 4.21751 9.97487 4.16825 9.97487C4.11899 9.97487 4.07021 9.96517 4.0247 9.94632C3.97919 9.92746 3.93783 9.89983 3.903 9.865C3.86817 9.83017 3.84054 9.78881 3.82168 9.7433C3.80283 9.69779 3.79313 9.64901 3.79313 9.59975C3.79313 9.55049 3.80283 9.50171 3.82168 9.4562C3.84054 9.41069 3.86817 9.36933 3.903 9.3345L5.5 7.737V6.25H4.013L2.416 7.847C2.34491 7.91324 2.25089 7.9493 2.15374 7.94759C2.05659 7.94587 1.9639 7.90652 1.89519 7.83781C1.82648 7.7691 1.78713 7.67641 1.78541 7.57926C1.7837 7.48211 1.81976 7.38809 1.886 7.317L2.952 6.25H1.375C1.27554 6.25 1.18016 6.21049 1.10983 6.14016C1.03951 6.06984 1 5.97446 1 5.875C1 5.77554 1.03951 5.68016 1.10983 5.60984C1.18016 5.53951 1.27554 5.5 1.375 5.5H2.9525L1.885 4.4335C1.81465 4.36315 1.77513 4.26774 1.77513 4.16825C1.77513 4.06876 1.81465 3.97335 1.885 3.903C1.95535 3.83265 2.05076 3.79313 2.15025 3.79313C2.24974 3.79313 2.34515 3.83265 2.4155 3.903L4.013 5.5H5.5V4.013L3.903 2.416C3.86616 2.38167 3.83661 2.34027 3.81611 2.29427C3.79561 2.24827 3.78459 2.19861 3.7837 2.14826C3.78282 2.09791 3.79208 2.0479 3.81094 2.0012C3.8298 1.95451 3.85787 1.91209 3.89348 1.87648C3.92909 1.84087 3.97151 1.8128 4.0182 1.79394C4.0649 1.77508 4.11491 1.76582 4.16526 1.7667C4.21561 1.76759 4.26527 1.77861 4.31127 1.79911C4.35727 1.81961 4.39867 1.84916 4.433 1.886L5.5 2.952V1.375C5.5 1.27554 5.53951 1.18016 5.60984 1.10983C5.68016 1.03951 5.77554 1 5.875 1Z" fill="#318CF7"></path></svg></span><span class="txt_box" style="color:#318CF7">냉동</span></li><li class="category_info flex_all_center gap_2"><span class="txt_box">수입소</span><span class="dp_i_flex svg_box "><svg xmlns="http://www.w3.org/2000/svg" width="8" height="8" viewBox="0 0 12 12" fill="none"><path d="M4.14678 2.14652C4.05305 2.24028 4.00039 2.36743 4.00039 2.50002C4.00039 2.6326 4.05305 2.75975 4.14678 2.85352L7.29328 6.00002L4.14678 9.14651C4.09903 9.19264 4.06094 9.24781 4.03473 9.30881C4.00853 9.36981 3.99474 9.43543 3.99416 9.50181C3.99358 9.5682 4.00623 9.63404 4.03137 9.69549C4.05651 9.75694 4.09364 9.81277 4.14059 9.85971C4.18753 9.90666 4.24336 9.94379 4.30481 9.96893C4.36626 9.99407 4.4321 10.0067 4.49849 10.0061C4.56487 10.0056 4.63048 9.99177 4.69149 9.96557C4.75249 9.93936 4.80766 9.90127 4.85378 9.85352L8.35379 6.35352C8.44752 6.25975 8.50018 6.1326 8.50018 6.00002C8.50018 5.86743 8.44752 5.74028 8.35379 5.64652L4.85378 2.14652C4.76002 2.05278 4.63287 2.00012 4.50028 2.00012C4.3677 2.00012 4.24055 2.05278 4.14678 2.14652Z" fill="#BABEC4"></path></svg></span><span class="txt_box">세절&amp;분쇄</span></li></ul><p class="product_name">[업소용/돌돌이] 앞다리/전각1.5mm - 호주 | 킬코이 - GF</p><span class="sample_grey_text">불고기,샤브샤브용 10kg(2.5kg*4ea)</span><div class="price_wrap"><span class="price_info"><em>141,800원</em></span><span class="price_unit">kg당 14,180원 | 총 10kg</span></div><div class="txt_label_wrap"><span class="txt_area_label label--freshPack"><span class="label__text">신선배송</span></span></div><ul class="rating_wrap"><li><span class="txt_box">재고 <!-- -->31</span></li></ul></div></div></div></div><div class="swiper-slide"><div class="bgInherit" style="cursor:pointer"><div role="button" class="product_card type1 stack_vertical false"><div class="img_wrap"><div class="bg_wrap"><p class="absolute_full"><img alt="상품_섬네일_이미지" loading="lazy" width="500" height="500" decoding="async" data-nimg="1" class="full_image" style="color:transparent" src="https://img-cdn.meatbox.co.kr/m/images/itemImage/2025/03/27/17/07/mo_thumb_productThumbnail_139751_20250327170723.jpg"/></p><div class="label_area" style="cursor:pointer"><div class="none_style_btn cart_button"><button class="clear_button " type="button"><div class="p_relative util_item"><span class="dp_i_flex svg_box "><svg width="32" height="32" viewBox="0 0 32 32" fill="none" xmlns="http://www.w3.org/2000/svg"><path d="M0 16C0 7.16344 7.16344 0 16 0C24.8366 0 32 7.16344 32 16C32 24.8366 24.8366 32 16 32C7.16344 32 0 24.8366 0 16Z" fill="#232221" fill-opacity="0.5"></path><path fill-rule="evenodd" clip-rule="evenodd" d="M8.32286 7.90084C8.65386 7.80292 9.00157 7.99187 9.09949 8.32286L9.55871 9.87516H21.7702C23.3041 9.87516 24.4742 11.305 24.0321 12.8005L22.6537 17.4672C22.359 18.4613 21.4274 19.1252 20.3918 19.1252H12.7602C11.7241 19.1252 10.7914 18.4613 10.4975 17.4674L7.90084 8.67746C7.80292 8.34647 7.99187 7.99876 8.32286 7.90084ZM9.92806 11.1252L11.6962 17.1129C11.8256 17.5507 12.2513 17.8752 12.7602 17.8752H20.3918C20.8994 17.8752 21.3246 17.5519 21.455 17.1129L22.8333 12.4465C23.0209 11.8121 22.5328 11.1252 21.7702 11.1252H9.92806ZM11.7577 20.9243C12.1093 20.5727 12.5862 20.3752 13.0835 20.3752C13.5808 20.3752 14.0577 20.5727 14.4093 20.9243C14.761 21.276 14.9585 21.7529 14.9585 22.2502C14.9585 22.7474 14.761 23.2244 14.4093 23.576C14.0577 23.9276 13.5808 24.1252 13.0835 24.1252C12.5862 24.1252 12.1093 23.9276 11.7577 23.576C11.406 23.2244 11.2085 22.7474 11.2085 22.2502C11.2085 21.7529 11.406 21.276 11.7577 20.9243ZM13.0835 21.6252C12.9177 21.6252 12.7588 21.691 12.6416 21.8082C12.5243 21.9254 12.4585 22.0844 12.4585 22.2502C12.4585 22.4159 12.5243 22.5749 12.6416 22.6921C12.7588 22.8093 12.9177 22.8752 13.0835 22.8752C13.2493 22.8752 13.4082 22.8093 13.5254 22.6921C13.6426 22.5749 13.7085 22.4159 13.7085 22.2502C13.7085 22.0844 13.6426 21.9254 13.5254 21.8082C13.4082 21.691 13.2493 21.6252 13.0835 21.6252ZM18.4243 20.9243C18.776 20.5727 19.2529 20.3752 19.7502 20.3752C20.2474 20.3752 20.7244 20.5727 21.076 20.9243C21.4276 21.276 21.6252 21.7529 21.6252 22.2502C21.6252 22.7474 21.4276 23.2244 21.076 23.576C20.7244 23.9276 20.2474 24.1252 19.7502 24.1252C19.2529 24.1252 18.776 23.9276 18.4243 23.576C18.0727 23.2244 17.8752 22.7474 17.8752 22.2502C17.8752 21.7529 18.0727 21.276 18.4243 20.9243ZM19.7502 21.6252C19.5844 21.6252 19.4254 21.691 19.3082 21.8082C19.191 21.9254 19.1252 22.0844 19.1252 22.2502C19.1252 22.4159 19.191 22.5749 19.3082 22.6921C19.4254 22.8093 19.5844 22.8752 19.7502 22.8752C19.9159 22.8752 20.0749 22.8093 20.1921 22.6921C20.3093 22.5749 20.3752 22.4159 20.3752 22.2502C20.3752 22.0844 20.3093 21.9254 20.1921 21.8082C20.0749 21.691 19.9159 21.6252 19.7502 21.6252Z" fill="white"></path></svg></span></div><span class="txt_box sr-only">장바구니버튼</span></button></div></div></div></div><div class="txt_wrap mt_8" style="overflow:hidden"><div class="flex_side"><button class="none_style_btn btn_brand_name"><span class="txt_box">엑셀</span></button><ul class="icon_list"><li class="tooltip_area p_relative swiper-no-swiping"><div id="__MoreInfoButton__"><button class="none_style_btn"><span class="dp_i_flex svg_box "><svg width="16" height="16" viewBox="0 0 16 17" fill="none" xmlns="http://www.w3.org/2000/svg"><path d="M8.00001 5.66671C7.8468 5.66671 7.69509 5.63653 7.55355 5.5779C7.412 5.51927 7.28339 5.43333 7.17505 5.325C7.06672 5.21666 6.98078 5.08805 6.92215 4.9465C6.86352 4.80496 6.83334 4.65325 6.83334 4.50004C6.83334 4.34683 6.86352 4.19512 6.92215 4.05358C6.98078 3.91203 7.06672 3.78342 7.17505 3.67508C7.28339 3.56675 7.412 3.48081 7.55355 3.42218C7.69509 3.36355 7.8468 3.33337 8.00001 3.33337C8.30943 3.33337 8.60618 3.45629 8.82497 3.67508C9.04376 3.89388 9.16668 4.19062 9.16668 4.50004C9.16668 4.80946 9.04376 5.10621 8.82497 5.325C8.60618 5.54379 8.30943 5.66671 8.00001 5.66671ZM8.00001 9.66671C7.69059 9.66671 7.39384 9.54379 7.17505 9.325C6.95626 9.10621 6.83334 8.80946 6.83334 8.50004C6.83334 8.19062 6.95626 7.89388 7.17505 7.67508C7.39384 7.45629 7.69059 7.33337 8.00001 7.33337C8.30943 7.33337 8.60618 7.45629 8.82497 7.67508C9.04376 7.89388 9.16668 8.19062 9.16668 8.50004C9.16668 8.80946 9.04376 9.10621 8.82497 9.325C8.60618 9.54379 8.30943 9.66671 8.00001 9.66671ZM6.83334 12.5C6.83334 12.8095 6.95626 13.1062 7.17505 13.325C7.39384 13.5438 7.69059 13.6667 8.00001 13.6667C8.30943 13.6667 8.60618 13.5438 8.82497 13.325C9.04376 13.1062 9.16668 12.8095 9.16668 12.5C9.16668 12.1906 9.04376 11.8939 8.82497 11.6751C8.60618 11.4563 8.30943 11.3334 8.00001 11.3334C7.69059 11.3334 7.39384 11.4563 7.17505 11.6751C6.95626 11.8939 6.83334 12.1906 6.83334 12.5Z" fill="#232221"></path></svg></span></button></div></li></ul></div><ul class="category_wrap"><li class="category_info storage_type"><span class="dp_i_flex svg_box "><svg width="12" height="12" viewBox="0 0 12 12" fill="none" xmlns="http://www.w3.org/2000/svg"><path d="M5.875 1C5.97446 1 6.06984 1.03951 6.14016 1.10983C6.21049 1.18016 6.25 1.27554 6.25 1.375V2.9525L7.3165 1.8855C7.35133 1.85067 7.39269 1.82304 7.4382 1.80418C7.48371 1.78533 7.53249 1.77563 7.58175 1.77563C7.63101 1.77563 7.67979 1.78533 7.7253 1.80418C7.77081 1.82304 7.81217 1.85067 7.847 1.8855C7.88183 1.92033 7.90946 1.96169 7.92832 2.0072C7.94717 2.05271 7.95687 2.10149 7.95687 2.15075C7.95687 2.20001 7.94717 2.24879 7.92832 2.2943C7.90946 2.33981 7.88183 2.38117 7.847 2.416L6.25 4.013V5.5H7.737L9.334 3.903C9.40509 3.83676 9.49911 3.8007 9.59626 3.80241C9.69341 3.80413 9.7861 3.84348 9.85481 3.91219C9.92352 3.9809 9.96287 4.07359 9.96459 4.17074C9.9663 4.26789 9.93024 4.36191 9.864 4.433L8.798 5.5H10.3755C10.475 5.5 10.5703 5.53951 10.6407 5.60984C10.711 5.68016 10.7505 5.77554 10.7505 5.875C10.7505 5.97446 10.711 6.06984 10.6407 6.14016C10.5703 6.21049 10.475 6.25 10.3755 6.25H8.798L9.865 7.3165C9.89983 7.35133 9.92746 7.39269 9.94632 7.4382C9.96517 7.48371 9.97487 7.53249 9.97487 7.58175C9.97487 7.63101 9.96517 7.67979 9.94632 7.7253C9.92746 7.77081 9.89983 7.81217 9.865 7.847C9.83017 7.88183 9.78881 7.90946 9.7433 7.92832C9.69779 7.94717 9.64901 7.95687 9.59975 7.95687C9.55049 7.95687 9.50171 7.94717 9.4562 7.92832C9.41069 7.90946 9.36933 7.88183 9.3345 7.847L7.737 6.25H6.25V7.737L7.847 9.334C7.91324 9.40509 7.9493 9.49911 7.94759 9.59626C7.94587 9.69341 7.90652 9.7861 7.83781 9.85481C7.7691 9.92352 7.67641 9.96287 7.57926 9.96459C7.48211 9.9663 7.38809 9.93024 7.317 9.864L6.25 8.798V10.3755C6.25 10.475 6.21049 10.5703 6.14016 10.6407C6.06984 10.711 5.97446 10.7505 5.875 10.7505C5.77554 10.7505 5.68016 10.711 5.60984 10.6407C5.53951 10.5703 5.5 10.475 5.5 10.3755V8.798L4.4335 9.865C4.39867 9.89983 4.35731 9.92746 4.3118 9.94632C4.26629 9.96517 4.21751 9.97487 4.16825 9.97487C4.11899 9.97487 4.07021 9.96517 4.0247 9.94632C3.97919 9.92746 3.93783 9.89983 3.903 9.865C3.86817 9.83017 3.84054 9.78881 3.82168 9.7433C3.80283 9.69779 3.79313 9.64901 3.79313 9.59975C3.79313 9.55049 3.80283 9.50171 3.82168 9.4562C3.84054 9.41069 3.86817 9.36933 3.903 9.3345L5.5 7.737V6.25H4.013L2.416 7.847C2.34491 7.91324 2.25089 7.9493 2.15374 7.94759C2.05659 7.94587 1.9639 7.90652 1.89519 7.83781C1.82648 7.7691 1.78713 7.67641 1.78541 7.57926C1.7837 7.48211 1.81976 7.38809 1.886 7.317L2.952 6.25H1.375C1.27554 6.25 1.18016 6.21049 1.10983 6.14016C1.03951 6.06984 1 5.97446 1 5.875C1 5.77554 1.03951 5.68016 1.10983 5.60984C1.18016 5.53951 1.27554 5.5 1.375 5.5H2.9525L1.885 4.4335C1.81465 4.36315 1.77513 4.26774 1.77513 4.16825C1.77513 4.06876 1.81465 3.97335 1.885 3.903C1.95535 3.83265 2.05076 3.79313 2.15025 3.79313C2.24974 3.79313 2.34515 3.83265 2.4155 3.903L4.013 5.5H5.5V4.013L3.903 2.416C3.86616 2.38167 3.83661 2.34027 3.81611 2.29427C3.79561 2.24827 3.78459 2.19861 3.7837 2.14826C3.78282 2.09791 3.79208 2.0479 3.81094 2.0012C3.8298 1.95451 3.85787 1.91209 3.89348 1.87648C3.92909 1.84087 3.97151 1.8128 4.0182 1.79394C4.0649 1.77508 4.11491 1.76582 4.16526 1.7667C4.21561 1.76759 4.26527 1.77861 4.31127 1.79911C4.35727 1.81961 4.39867 1.84916 4.433 1.886L5.5 2.952V1.375C5.5 1.27554 5.53951 1.18016 5.60984 1.10983C5.68016 1.03951 5.77554 1 5.875 1Z" fill="#318CF7"></path></svg></span><span class="txt_box" style="color:#318CF7">냉동</span></li><li class="category_info flex_all_center gap_2"><span class="txt_box">수입소</span><span class="dp_i_flex svg_box "><svg xmlns="http://www.w3.org/2000/svg" width="8" height="8" viewBox="0 0 12 12" fill="none"><path d="M4.14678 2.14652C4.05305 2.24028 4.00039 2.36743 4.00039 2.50002C4.00039 2.6326 4.05305 2.75975 4.14678 2.85352L7.29328 6.00002L4.14678 9.14651C4.09903 9.19264 4.06094 9.24781 4.03473 9.30881C4.00853 9.36981 3.99474 9.43543 3.99416 9.50181C3.99358 9.5682 4.00623 9.63404 4.03137 9.69549C4.05651 9.75694 4.09364 9.81277 4.14059 9.85971C4.18753 9.90666 4.24336 9.94379 4.30481 9.96893C4.36626 9.99407 4.4321 10.0067 4.49849 10.0061C4.56487 10.0056 4.63048 9.99177 4.69149 9.96557C4.75249 9.93936 4.80766 9.90127 4.85378 9.85352L8.35379 6.35352C8.44752 6.25975 8.50018 6.1326 8.50018 6.00002C8.50018 5.86743 8.44752 5.74028 8.35379 5.64652L4.85378 2.14652C4.76002 2.05278 4.63287 2.00012 4.50028 2.00012C4.3677 2.00012 4.24055 2.05278 4.14678 2.14652Z" fill="#BABEC4"></path></svg></span><span class="txt_box">세절&amp;분쇄</span></li></ul><p class="product_name">[업소용/돌돌이] 삼겹양지2mm - 미국 | 엑셀 - 언그레이드</p><span class="sample_grey_text">구이용/샤브샤브용 10kg(2.5kg*4ea)</span><div class="price_wrap"><span class="price_info"><em>108,200원</em></span><span class="price_unit">kg당 10,820원 | 총 10kg</span></div><div class="txt_label_wrap"><span class="txt_area_label label--freshPack"><span class="label__text">신선배송</span></span></div><ul class="rating_wrap"><li class="rating_star"><span class="dp_i_flex svg_box "><svg width="12" height="12" viewBox="0 0 16 17" fill="none" xmlns="http://www.w3.org/2000/svg"><path d="M3.91761 15.2225C4.16353 15.4174 4.47604 15.3483 4.84825 15.0654L8.02416 12.6269L11.2062 15.0654C11.5784 15.3483 11.8845 15.4174 12.1369 15.2225C12.3828 15.0276 12.4371 14.7071 12.287 14.2483L11.032 10.3393L14.2382 7.92602C14.6104 7.64956 14.7605 7.36023 14.6644 7.04624C14.5684 6.74457 14.2861 6.59361 13.8239 6.60004L9.89133 6.62498L8.69659 2.6972C8.55262 2.23224 8.33668 1.99976 8.02416 1.99976C7.71804 1.99976 7.50184 2.23224 7.35762 2.6972L6.16288 6.62498L2.23052 6.60004C1.76815 6.59361 1.48611 6.74457 1.39005 7.04624C1.28784 7.3605 1.44384 7.64956 1.81631 7.92602L5.02218 10.3393L3.7675 14.2483C3.61739 14.7071 3.67144 15.0276 3.91761 15.2225Z" fill="#FFC42F"></path></svg></span><span class="txt_box">4.3</span></li><li><span class="txt_box">재고 <!-- -->48</span></li></ul></div></div></div></div></article><div style="position:absolute;left:0;right:0;bottom:0;height:1200px;pointer-events:none"></div></div></div></div></div></div></main><footer id="footer"><section class="footer_wrap"><div class="footer_inner"><section class="top_inner"><ul class="top_parts"><li class="logo_part"><h1 class="footer_logo"><a href="productListPage.do@collectionSeq=11.html#"><img alt="" loading="lazy" width="134" height="26.5" decoding="async" data-nimg="1" style="color:transparent" src="https://static-cdn.meatbox.co.kr/public/fstatic/image/common/img_pc_footer_logo.png"/></a></h1></li><li class="customer_service"><div class="customer_service_wrapper"><p class="customer_flex_box"><span class="dp_i_flex svg_box customer_icon"><svg width="16" height="16" viewBox="0 0 16 17" fill="none" xmlns="http://www.w3.org/2000/svg"><path d="M7.99998 12.8333C7.86737 12.8333 7.74019 12.8859 7.64643 12.9797C7.55266 13.0735 7.49998 13.2006 7.49998 13.3333C7.49998 13.4659 7.55266 13.593 7.64643 13.6868C7.74019 13.7806 7.86737 13.8333 7.99998 13.8333C8.13259 13.8333 8.25976 13.7806 8.35353 13.6868C8.4473 13.593 8.49998 13.4659 8.49998 13.3333C8.49998 13.2006 8.4473 13.0735 8.35353 12.9797C8.25976 12.8859 8.13259 12.8333 7.99998 12.8333ZM11.6666 7.16659V6.49992C11.6666 5.52746 11.2803 4.59483 10.5927 3.90719C9.90507 3.21956 8.97244 2.83325 7.99998 2.83325C7.02752 2.83325 6.09489 3.21956 5.40725 3.90719C4.71962 4.59483 4.33331 5.52746 4.33331 6.49992V7.16659H5.99998C6.17679 7.16659 6.34636 7.23682 6.47138 7.36185C6.59641 7.48687 6.66665 7.65644 6.66665 7.83325V10.4999C6.66665 10.6767 6.59641 10.8463 6.47138 10.9713C6.34636 11.0963 6.17679 11.1666 5.99998 11.1666H4.33331V11.3333C4.33327 11.7133 4.47751 12.0793 4.73689 12.3571C4.99627 12.6349 5.35145 12.8039 5.73065 12.8299L5.83331 12.8333H6.58531C6.70327 12.4995 6.93543 12.2181 7.24077 12.039C7.54611 11.8598 7.90496 11.7943 8.25388 11.8542C8.60281 11.914 8.91935 12.0953 9.14754 12.3659C9.37574 12.6366 9.5009 12.9792 9.5009 13.3333C9.5009 13.6873 9.37574 14.0299 9.14754 14.3006C8.91935 14.5712 8.60281 14.7525 8.25388 14.8123C7.90496 14.8722 7.54611 14.8067 7.24077 14.6276C6.93543 14.4484 6.70327 14.167 6.58531 13.8333H5.83331C5.19332 13.8333 4.57767 13.5879 4.11319 13.1476C3.64871 12.7073 3.37078 12.1057 3.33665 11.4666L3.33331 11.3333V6.49992C3.33331 5.26224 3.82498 4.07526 4.70015 3.20009C5.57532 2.32492 6.7623 1.83325 7.99998 1.83325C9.23766 1.83325 10.4246 2.32492 11.2998 3.20009C12.175 4.07526 12.6666 5.26224 12.6666 6.49992V9.83325C12.6668 10.1696 12.5397 10.4936 12.311 10.7403C12.0823 10.9869 11.7688 11.138 11.4333 11.1633L11.3333 11.1666H9.99998C9.83669 11.1666 9.67909 11.1066 9.55707 10.9981C9.43504 10.8896 9.35708 10.7401 9.33798 10.5779L9.33331 10.4999V7.83325C9.33333 7.66996 9.39328 7.51236 9.50179 7.39034C9.6103 7.26831 9.75981 7.19036 9.92198 7.17125L9.99998 7.16659H11.6666ZM5.66665 8.16659H4.33331V10.1666H5.66665V8.16659ZM11.6666 8.16659H10.3333V10.1666H11.3333C11.4113 10.1666 11.4869 10.1393 11.5468 10.0893C11.6068 10.0394 11.6473 9.97 11.6613 9.89325L11.6666 9.83325V8.16659Z" fill="#232221"></path></svg></span><span class="txt_box">고객센터</span><a class="customer_center"><strong>1644-6689</strong></a></p></div><ul class="business_hour"><li><span>평일</span><em>오전 9시 - 오후 7시</em></li><li><span>토요일</span><em>오전 9시 - 오후 1시</em></li></ul></li><li class="footer-top-menus"><a href="productListPage.do@collectionSeq=11.html#"><div class="shrink-0"><button class="clear_button button-footer-top-menu" type="button"><div class="p_relative util_item"><span class="dp_i_flex svg_box "><svg width="16" height="16" viewBox="0 0 16 16" fill="none" xmlns="http://www.w3.org/2000/svg"><path d="M10.6577 3.16732C10.6167 2.80064 10.442 2.46194 10.167 2.21597C9.89196 1.96999 9.53595 1.834 9.16699 1.83398H6.83366C6.4647 1.834 6.10869 1.96999 5.83369 2.21597C5.55869 2.46194 5.38399 2.80064 5.34299 3.16732H4.16699C3.76917 3.16732 3.38764 3.32535 3.10633 3.60666C2.82503 3.88796 2.66699 4.26949 2.66699 4.66732V13.6673C2.66699 14.0651 2.82503 14.4467 3.10633 14.728C3.38764 15.0093 3.76917 15.1673 4.16699 15.1673H7.33433C7.32945 15.0342 7.34359 14.9011 7.37633 14.772L7.52766 14.1673H4.16699C4.03438 14.1673 3.90721 14.1146 3.81344 14.0209C3.71967 13.9271 3.66699 13.7999 3.66699 13.6673V4.66732C3.66699 4.53471 3.71967 4.40753 3.81344 4.31376C3.90721 4.22 4.03438 4.16732 4.16699 4.16732H5.58633C5.85566 4.56932 6.31366 4.83398 6.83366 4.83398H9.16699C9.68699 4.83398 10.145 4.56932 10.4143 4.16732H11.8337C11.9663 4.16732 12.0934 4.22 12.1872 4.31376C12.281 4.40753 12.3337 4.53471 12.3337 4.66732V8.40732C12.625 8.14065 12.971 7.96732 13.3337 7.88665V4.66732C13.3337 4.47034 13.2949 4.27528 13.2195 4.09329C13.1441 3.9113 13.0336 3.74595 12.8943 3.60666C12.755 3.46737 12.5897 3.35688 12.4077 3.2815C12.2257 3.20612 12.0306 3.16732 11.8337 3.16732H10.6577ZM10.6637 3.23132L10.667 3.33398C10.667 3.29932 10.6659 3.2651 10.6637 3.23132ZM6.83366 2.83398H9.16699C9.2996 2.83398 9.42678 2.88666 9.52055 2.98043C9.61431 3.0742 9.66699 3.20138 9.66699 3.33398C9.66699 3.46659 9.61431 3.59377 9.52055 3.68754C9.42678 3.78131 9.2996 3.83398 9.16699 3.83398H6.83366C6.70105 3.83398 6.57387 3.78131 6.48011 3.68754C6.38634 3.59377 6.33366 3.46659 6.33366 3.33398C6.33366 3.20138 6.38634 3.0742 6.48011 2.98043C6.57387 2.88666 6.70105 2.83398 6.83366 2.83398ZM8.90433 11.834H5.33366C5.20105 11.834 5.07387 11.8867 4.98011 11.9804C4.88634 12.0742 4.83366 12.2014 4.83366 12.334C4.83366 12.4666 4.88634 12.5938 4.98011 12.6875C5.07387 12.7813 5.20105 12.834 5.33366 12.834H7.98899C8.08588 12.6811 8.19877 12.54 8.32766 12.4107L8.90433 11.834ZM8.00033 10.1673H5.33366C5.20105 10.1673 5.07387 10.1146 4.98011 10.0209C4.88634 9.9271 4.83366 9.79993 4.83366 9.66732C4.83366 9.53471 4.88634 9.40753 4.98011 9.31376C5.07387 9.22 5.20105 9.16732 5.33366 9.16732H8.00033C8.13293 9.16732 8.26011 9.22 8.35388 9.31376C8.44765 9.40753 8.50033 9.53471 8.50033 9.66732C8.50033 9.79993 8.44765 9.9271 8.35388 10.0209C8.26011 10.1146 8.13293 10.1673 8.00033 10.1673ZM10.667 7.50065H5.33366C5.20105 7.50065 5.07387 7.44797 4.98011 7.3542C4.88634 7.26044 4.83366 7.13326 4.83366 7.00065C4.83366 6.86804 4.88634 6.74087 4.98011 6.6471C5.07387 6.55333 5.20105 6.50065 5.33366 6.50065H10.667C10.7996 6.50065 10.9268 6.55333 11.0205 6.6471C11.1143 6.74087 11.167 6.86804 11.167 7.00065C11.167 7.13326 11.1143 7.26044 11.0205 7.3542C10.9268 7.44797 10.7996 7.50065 10.667 7.50065ZM12.7337 8.94732L8.79833 12.882C8.56942 13.1116 8.40681 13.3989 8.32766 13.7133L8.02233 14.934C7.99196 15.0554 7.99357 15.1827 8.02701 15.3033C8.06045 15.424 8.12457 15.5339 8.21313 15.6224C8.30168 15.7109 8.41165 15.7749 8.53232 15.8082C8.65299 15.8416 8.78023 15.8431 8.90166 15.8127L10.1217 15.508C10.4364 15.4288 10.7239 15.2659 10.9537 15.0367L14.8883 11.102C15.1631 10.814 15.3142 10.43 15.3096 10.0321C15.3049 9.6341 15.1447 9.25376 14.8633 8.97234C14.5819 8.69091 14.2015 8.53075 13.8036 8.52607C13.4056 8.5214 13.0216 8.67259 12.7337 8.94732Z" fill="black"></path></svg></span></div><span class="txt_box ">입점 제휴 문의</span><span class="dp_i_flex svg_box "><svg xmlns="http://www.w3.org/2000/svg" width="16" height="16" viewBox="0 0 12 12" fill="none"><path d="M4.14678 2.14652C4.05305 2.24028 4.00039 2.36743 4.00039 2.50002C4.00039 2.6326 4.05305 2.75975 4.14678 2.85352L7.29328 6.00002L4.14678 9.14651C4.09903 9.19264 4.06094 9.24781 4.03473 9.30881C4.00853 9.36981 3.99474 9.43543 3.99416 9.50181C3.99358 9.5682 4.00623 9.63404 4.03137 9.69549C4.05651 9.75694 4.09364 9.81277 4.14059 9.85971C4.18753 9.90666 4.24336 9.94379 4.30481 9.96893C4.36626 9.99407 4.4321 10.0067 4.49849 10.0061C4.56487 10.0056 4.63048 9.99177 4.69149 9.96557C4.75249 9.93936 4.80766 9.90127 4.85378 9.85352L8.35379 6.35352C8.44752 6.25975 8.50018 6.1326 8.50018 6.00002C8.50018 5.86743 8.44752 5.74028 8.35379 5.64652L4.85378 2.14652C4.76002 2.05278 4.63287 2.00012 4.50028 2.00012C4.3677 2.00012 4.24055 2.05278 4.14678 2.14652Z" fill="#BABEC4"></path></svg></span></button></div></a><a href="productListPage.do@collectionSeq=11.html#"><div class="shrink-0"><button class="clear_button button-footer-top-menu" type="button"><div class="p_relative util_item"><span class="dp_i_flex svg_box "><svg width="16" height="16" viewBox="0 0 16 16" fill="none" xmlns="http://www.w3.org/2000/svg"><path d="M5.42848 4.70467C5.71781 4.55 6.02915 4.50067 6.33248 4.50067C6.68315 4.50067 7.09115 4.616 7.41981 4.88533C7.76515 5.168 7.99915 5.60133 7.99915 6.16667C7.99915 6.81667 7.53981 7.16933 7.28115 7.368L7.22448 7.412C6.94181 7.634 6.83248 7.75267 6.83248 8C6.83248 8.13261 6.7798 8.25979 6.68603 8.35355C6.59227 8.44732 6.46509 8.5 6.33248 8.5C6.19987 8.5 6.0727 8.44732 5.97893 8.35355C5.88516 8.25979 5.83248 8.13261 5.83248 8C5.83248 7.244 6.30648 6.86133 6.60715 6.62533C6.94915 6.35667 6.99915 6.29667 6.99915 6.16667C6.99915 5.902 6.89981 5.752 6.78581 5.65933C6.65706 5.55696 6.49764 5.50084 6.33315 5.5C6.13648 5.5 6.00115 5.53267 5.89981 5.58667C5.80448 5.63733 5.70381 5.72667 5.60648 5.90667C5.54327 6.02336 5.43629 6.11017 5.30908 6.14799C5.18187 6.18581 5.04484 6.17154 4.92815 6.10833C4.81145 6.04512 4.72465 5.93815 4.68683 5.81093C4.64901 5.68372 4.66327 5.5467 4.72648 5.43C4.90248 5.106 5.13448 4.86133 5.42915 4.704M6.33248 10.5C6.50929 10.5 6.67886 10.4298 6.80389 10.3047C6.92891 10.1797 6.99915 10.0101 6.99915 9.83333C6.99915 9.65652 6.92891 9.48695 6.80389 9.36193C6.67886 9.23691 6.50929 9.16667 6.33248 9.16667C6.15567 9.16667 5.9861 9.23691 5.86108 9.36193C5.73605 9.48695 5.66581 9.65652 5.66581 9.83333C5.66581 10.0101 5.73605 10.1797 5.86108 10.3047C5.9861 10.4298 6.15567 10.5 6.33248 10.5ZM6.33248 2.5C5.49148 2.49986 4.66403 2.71185 3.92671 3.11636C3.18938 3.52087 2.566 4.10483 2.11424 4.81419C1.66249 5.52356 1.39697 6.33541 1.34224 7.17463C1.28751 8.01384 1.44535 8.85331 1.80115 9.61533L1.31781 11.51C1.28234 11.6492 1.28343 11.7952 1.32099 11.9338C1.35856 12.0724 1.43131 12.199 1.53219 12.3012C1.63307 12.4034 1.75867 12.4778 1.89678 12.5172C2.0349 12.5566 2.18085 12.5596 2.32048 12.526C2.82048 12.406 3.58915 12.2213 4.27448 12.058C4.95429 12.3646 5.69407 12.5152 6.43962 12.4988C7.18518 12.4824 7.91763 12.2995 8.58333 11.9634C9.24903 11.6273 9.83112 11.1466 10.287 10.5564C10.7428 9.96617 11.0609 9.28149 11.2178 8.55246C11.3748 7.82344 11.3667 7.06853 11.1942 6.34303C11.0216 5.61754 10.689 4.93983 10.2206 4.35954C9.75218 3.77926 9.15992 3.31109 8.48717 2.98934C7.81442 2.66758 7.07821 2.50039 6.33248 2.5ZM2.33248 7.5C2.33274 6.6302 2.61652 5.78419 3.1408 5.09016C3.66509 4.39612 4.40131 3.8919 5.23791 3.65389C6.07451 3.41587 6.9659 3.45704 7.777 3.77115C8.5881 4.08526 9.27471 4.65519 9.7328 5.39459C10.1909 6.134 10.3955 7.00256 10.3156 7.86868C10.2357 8.73481 9.87561 9.55128 9.28998 10.1944C8.70435 10.8375 7.92505 11.2722 7.07017 11.4326C6.21529 11.593 5.33141 11.4704 4.55248 11.0833L4.39048 11.0027L4.21381 11.0447L2.35515 11.4893C2.48848 10.9693 2.66315 10.2813 2.81515 9.684L2.86181 9.5L2.77515 9.33133C2.48411 8.76479 2.33191 8.13693 2.33248 7.5ZM9.66648 14.5C8.40532 14.5015 7.19043 14.0251 6.26648 13.1667H6.33315C6.81181 13.1667 7.27648 13.1073 7.72048 12.9953C8.29648 13.3167 8.96048 13.5 9.66715 13.5C10.3071 13.5 10.9111 13.35 11.4471 13.0833L11.6085 13.0027L11.7851 13.0447C12.3998 13.1913 13.0951 13.3413 13.6118 13.4513C13.4742 12.861 13.3316 12.2719 13.1838 11.684L13.1371 11.5L13.2238 11.3313C13.5151 10.7648 13.6668 10.137 13.6665 9.5C13.6665 8.8313 13.4989 8.17326 13.179 7.58605C12.8591 6.99885 12.397 6.50121 11.8351 6.13867C11.7179 5.66238 11.5386 5.20357 11.3018 4.774C11.9636 5.00317 12.57 5.36877 13.0815 5.84713C13.5931 6.32549 13.9985 6.90595 14.2715 7.55093C14.5445 8.1959 14.679 8.89103 14.6663 9.59129C14.6536 10.2915 14.494 10.9813 14.1978 11.616C14.3665 12.288 14.5378 13.016 14.6458 13.4847C14.6775 13.6205 14.6744 13.7622 14.6369 13.8965C14.5993 14.0308 14.5285 14.1535 14.4309 14.2532C14.3333 14.3529 14.2122 14.4264 14.0787 14.4669C13.9452 14.5073 13.8036 14.5134 13.6671 14.4847C13.0182 14.3497 12.3709 14.2075 11.7251 14.058C11.0781 14.3498 10.3763 14.5005 9.66648 14.5Z" fill="black"></path></svg></span></div><span class="txt_box ">1:1 문의</span><span class="dp_i_flex svg_box "><svg xmlns="http://www.w3.org/2000/svg" width="16" height="16" viewBox="0 0 12 12" fill="none"><path d="M4.14678 2.14652C4.05305 2.24028 4.00039 2.36743 4.00039 2.50002C4.00039 2.6326 4.05305 2.75975 4.14678 2.85352L7.29328 6.00002L4.14678 9.14651C4.09903 9.19264 4.06094 9.24781 4.03473 9.30881C4.00853 9.36981 3.99474 9.43543 3.99416 9.50181C3.99358 9.5682 4.00623 9.63404 4.03137 9.69549C4.05651 9.75694 4.09364 9.81277 4.14059 9.85971C4.18753 9.90666 4.24336 9.94379 4.30481 9.96893C4.36626 9.99407 4.4321 10.0067 4.49849 10.0061C4.56487 10.0056 4.63048 9.99177 4.69149 9.96557C4.75249 9.93936 4.80766 9.90127 4.85378 9.85352L8.35379 6.35352C8.44752 6.25975 8.50018 6.1326 8.50018 6.00002C8.50018 5.86743 8.44752 5.74028 8.35379 5.64652L4.85378 2.14652C4.76002 2.05278 4.63287 2.00012 4.50028 2.00012C4.3677 2.00012 4.24055 2.05278 4.14678 2.14652Z" fill="#BABEC4"></path></svg></span></button></div></a><a href="productListPage.do@collectionSeq=11.html#"><div class="shrink-0"><button class="clear_button button-footer-top-menu" type="button"><div class="p_relative util_item"><span class="dp_i_flex svg_box "><svg width="16" height="16" viewBox="0 0 20 20" fill="none" xmlns="http://www.w3.org/2000/svg"><path d="M7.96834 2.5C6.91702 2.49968 5.8826 2.76457 4.96083 3.27015C4.03906 3.77573 3.25972 4.50566 2.69493 5.39239C2.13014 6.27912 1.79816 7.29399 1.72971 8.34308C1.66126 9.39216 1.85856 10.4416 2.30334 11.3942L1.7 13.7625C1.65566 13.9365 1.65703 14.1189 1.70398 14.2922C1.75093 14.4655 1.84187 14.6237 1.96797 14.7515C2.09408 14.8793 2.25107 14.9723 2.42371 15.0215C2.59636 15.0708 2.7788 15.0745 2.95334 15.0325C3.57834 14.8825 4.53917 14.6517 5.395 14.4475C6.24477 14.8307 7.16949 15.019 8.10143 14.9985C9.03337 14.978 9.94894 14.7494 10.7811 14.3292C11.6132 13.9091 12.3408 13.3082 12.9106 12.5705C13.4804 11.8327 13.878 10.9769 14.0742 10.0656C14.2704 9.1543 14.2603 8.21066 14.0446 7.30379C13.8289 6.39692 13.4131 5.54979 12.8276 4.82443C12.2421 4.09907 11.5018 3.51387 10.6609 3.11167C9.81993 2.70948 8.89967 2.50049 7.9675 2.5M2.9675 8.75C2.96783 7.66275 3.32255 6.60523 3.9779 5.73769C4.63326 4.87016 5.55354 4.23988 6.59929 3.94236C7.64504 3.64484 8.75927 3.6963 9.77315 4.08894C10.787 4.48157 11.6453 5.19399 12.2179 6.11824C12.7905 7.04249 13.0462 8.1282 12.9464 9.21085C12.8465 10.2935 12.3964 11.3141 11.6644 12.118C10.9323 12.9219 9.95821 13.4652 8.88961 13.6657C7.82101 13.8663 6.71617 13.713 5.7425 13.2292L5.53917 13.1283L5.31917 13.1808C4.55 13.3642 3.66084 13.5767 2.99584 13.7367L3.57084 11.48L3.62917 11.25L3.52084 11.0392C3.15675 10.3311 2.96705 9.54623 2.9675 8.75ZM12.1342 17.5C10.5577 17.5019 9.03911 16.9063 7.88417 15.8333H7.9675C8.56584 15.8333 9.14667 15.7592 9.70084 15.6192C10.4217 16.0208 11.2508 16.25 12.1342 16.25C12.9342 16.25 13.6892 16.0625 14.3592 15.7292L14.5617 15.6283L14.7817 15.6808C15.55 15.8642 16.42 16.0517 17.065 16.1892C16.9192 15.5633 16.72 14.7258 16.53 13.98L16.4717 13.75L16.58 13.5392C16.9444 12.8311 17.1344 12.0463 17.1342 11.25C17.1342 10.4141 16.9247 9.59157 16.5248 8.85756C16.1249 8.12356 15.5474 7.50152 14.845 7.04833C14.6984 6.45298 14.4743 5.87946 14.1783 5.3425C15.0056 5.62896 15.7635 6.08596 16.403 6.68391C17.0424 7.28186 17.5492 8.00743 17.8904 8.81366C18.2317 9.61988 18.3998 10.4888 18.3839 11.3641C18.3681 12.2394 18.1686 13.1017 17.7983 13.895C18.0092 14.735 18.2225 15.645 18.3575 16.2308C18.3971 16.4006 18.3932 16.5775 18.3463 16.7454C18.2994 16.9132 18.2109 17.0665 18.0891 17.1911C17.9672 17.3157 17.8159 17.4076 17.6492 17.4582C17.4824 17.5088 17.3056 17.5166 17.135 17.4808C16.3239 17.3121 15.5147 17.1343 14.7075 16.9475C13.8987 17.3122 13.0214 17.5006 12.1342 17.5Z" fill="#000"></path></svg></span></div><span class="txt_box ">자주 묻는 질문</span><span class="dp_i_flex svg_box "><svg xmlns="http://www.w3.org/2000/svg" width="16" height="16" viewBox="0 0 12 12" fill="none"><path d="M4.14678 2.14652C4.05305 2.24028 4.00039 2.36743 4.00039 2.50002C4.00039 2.6326 4.05305 2.75975 4.14678 2.85352L7.29328 6.00002L4.14678 9.14651C4.09903 9.19264 4.06094 9.24781 4.03473 9.30881C4.00853 9.36981 3.99474 9.43543 3.99416 9.50181C3.99358 9.5682 4.00623 9.63404 4.03137 9.69549C4.05651 9.75694 4.09364 9.81277 4.14059 9.85971C4.18753 9.90666 4.24336 9.94379 4.30481 9.96893C4.36626 9.99407 4.4321 10.0067 4.49849 10.0061C4.56487 10.0056 4.63048 9.99177 4.69149 9.96557C4.75249 9.93936 4.80766 9.90127 4.85378 9.85352L8.35379 6.35352C8.44752 6.25975 8.50018 6.1326 8.50018 6.00002C8.50018 5.86743 8.44752 5.74028 8.35379 5.64652L4.85378 2.14652C4.76002 2.05278 4.63287 2.00012 4.50028 2.00012C4.3677 2.00012 4.24055 2.05278 4.14678 2.14652Z" fill="#BABEC4"></path></svg></span></button></div></a></li></ul></section><section class="notice_section"><div class="notice_section_cell"><div class="notice_title"><h3>공지사항<span class="titMust"></span></h3><button class="btnMore"><span class="dp_i_flex svg_box "><svg width="12" height="12" viewBox="0 0 12 12" fill="#BABEC4" xmlns="http://www.w3.org/2000/svg"><path d="M4.14678 2.64639C4.05305 2.74016 4.00039 2.86731 4.00039 2.99989C4.00039 3.13248 4.05305 3.25963 4.14678 3.35339L7.29328 6.49989L4.14678 9.64639C4.09903 9.69252 4.06094 9.74769 4.03473 9.80869C4.00853 9.86969 3.99474 9.9353 3.99416 10.0017C3.99358 10.0681 4.00623 10.1339 4.03137 10.1954C4.05651 10.2568 4.09364 10.3126 4.14059 10.3596C4.18753 10.4065 4.24336 10.4437 4.30481 10.4688C4.36626 10.4939 4.4321 10.5066 4.49849 10.506C4.56487 10.5054 4.63048 10.4916 4.69149 10.4654C4.75249 10.4392 4.80766 10.4011 4.85378 10.3534L8.35379 6.85339C8.44752 6.75963 8.50018 6.63248 8.50018 6.49989C8.50018 6.36731 8.44752 6.24016 8.35379 6.14639L4.85378 2.64639C4.76002 2.55266 4.63287 2.5 4.50028 2.5C4.3677 2.5 4.24055 2.55266 4.14678 2.64639Z" fill="#BABEC4"></path></svg></span></button></div><ul><li><span class="subject">[육마트] 배송까지 무료! 샘플 신청 방법 3초 만에 이해하기!</span><span class="date">2025-10-01</span></li></ul></div><div class="notice_section_cell"><div class="notice_title"><h3>언론보도</h3><button class="btnMore"><span class="dp_i_flex svg_box "><svg width="12" height="12" viewBox="0 0 12 12" fill="#BABEC4" xmlns="http://www.w3.org/2000/svg"><path d="M4.14678 2.64639C4.05305 2.74016 4.00039 2.86731 4.00039 2.99989C4.00039 3.13248 4.05305 3.25963 4.14678 3.35339L7.29328 6.49989L4.14678 9.64639C4.09903 9.69252 4.06094 9.74769 4.03473 9.80869C4.00853 9.86969 3.99474 9.9353 3.99416 10.0017C3.99358 10.0681 4.00623 10.1339 4.03137 10.1954C4.05651 10.2568 4.09364 10.3126 4.14059 10.3596C4.18753 10.4065 4.24336 10.4437 4.30481 10.4688C4.36626 10.4939 4.4321 10.5066 4.49849 10.506C4.56487 10.5054 4.63048 10.4916 4.69149 10.4654C4.75249 10.4392 4.80766 10.4011 4.85378 10.3534L8.35379 6.85339C8.44752 6.75963 8.50018 6.63248 8.50018 6.49989C8.50018 6.36731 8.44752 6.24016 8.35379 6.14639L4.85378 2.64639C4.76002 2.55266 4.63287 2.5 4.50028 2.5C4.3677 2.5 4.24055 2.55266 4.14678 2.64639Z" fill="#BABEC4"></path></svg></span></button></div><ul><li><span class="subject">“소비쿠폰 효과 확실하네” 미트박스, 한우 결제액 24.5%·정육점 27%↑</span><span class="date">2025-08-05</span></li></ul></div></section><section class="mid_inner"><ul class="mid_txt_lists"><li><a href="productListPage.do@collectionSeq=11.html#">개인정보 처리방침</a></li><li class="mid_txt_lists--grey"><a href="productListPage.do@collectionSeq=11.html#">회사소개</a></li><li class="mid_txt_lists--grey"><a href="productListPage.do@collectionSeq=11.html#">투자정보</a></li><li class="mid_txt_lists--grey"><a href="productListPage.do@collectionSeq=11.html#">앱 다운로드</a></li><li class="mid_txt_lists--grey"><a href="productListPage.do@collectionSeq=11.html#">이용약관</a></li><li class="mid_txt_lists--grey"><a href="productListPage.do@collectionSeq=11.html#">유료서비스 이용약관</a></li><li class="mid_txt_lists--grey"><a href="productListPage.do@collectionSeq=11.html#">이메일 무단수집거부</a></li></ul><ul class="sns_list"><li><a target="_blank" href="https://www.facebook.com/meatbox.co.kr"><span class="dp_i_flex svg_box "><svg width="24" height="24" viewBox="0 0 24 25" fill="none" xmlns="http://www.w3.org/2000/svg"><path fill-rule="evenodd" clip-rule="evenodd" d="M12 24.5C18.6273 24.5 24 19.1273 24 12.5C24 5.87267 18.6273 0.5 12 0.5C5.37267 0.5 0 5.87267 0 12.5C0 19.1273 5.37267 24.5 12 24.5ZM15.2927 11.2853L14.944 13.5553H13.1147V19.1373H10.66V13.5553H8.66669V11.2853H10.66V9.55533C10.66 7.58667 11.8334 6.5 13.6267 6.5C14.486 6.5 15.3847 6.65333 15.3847 6.65333V8.58533H14.3947C13.4187 8.58533 13.1147 9.19133 13.1147 9.812V11.2853H15.2927Z" fill="#0171FF"></path></svg></span></a></li><li><a target="_blank" href="https://blog.naver.com/globalnetworks"><span class="dp_i_flex svg_box "><svg width="24" height="24" viewBox="0 0 24 25" fill="none" xmlns="http://www.w3.org/2000/svg"><path d="M10.8313 15.4318V13.4678H12.4906C13.542 13.4678 13.888 13.7998 13.888 14.4358C13.888 15.0718 13.4726 15.4318 12.532 15.4318H10.8313Z" fill="#1DC300"></path><path d="M10.8313 11.3518V9.55449L12.574 9.55382C13.4173 9.55382 13.7633 9.87182 13.7633 10.4252C13.7633 10.9652 13.4453 11.3518 12.5873 11.3518H10.8313Z" fill="#1DC300"></path><path fill-rule="evenodd" clip-rule="evenodd" d="M12 24.5C18.6273 24.5 24 19.1273 24 12.5C24 5.87267 18.6273 0.5 12 0.5C5.37267 0.5 0 5.87267 0 12.5C0 19.1273 5.37267 24.5 12 24.5ZM12.4766 7.45182H8.47998V17.5478H12.4766C14.8973 17.5478 16.3493 16.5938 16.3493 14.4918C16.3493 13.4678 15.9066 12.7625 15.1326 12.3198C15.7826 11.9052 16.156 11.2552 16.156 10.3418C16.156 8.44716 14.9113 7.45182 12.4766 7.45182Z" fill="#1DC300"></path></svg></span></a></li><li><a target="_blank" href="https://www.instagram.com/meatbox_official/"><span class="dp_i_flex svg_box "><svg width="24" height="24" viewBox="0 0 24 25" fill="none" xmlns="http://www.w3.org/2000/svg"><rect y="0.5" width="24" height="24" rx="12" fill="url(#pattern0_1012_91586)"></rect><path fill-rule="evenodd" clip-rule="evenodd" d="M8.91901 12.5C8.91901 10.7985 10.2985 9.41902 12 9.41902C13.7015 9.41902 15.081 10.7985 15.081 12.5C15.081 14.2015 13.7015 15.581 12 15.581C10.2985 15.581 8.91901 14.2015 8.91901 12.5ZM9.99979 12.5C9.99979 13.6048 10.8953 14.5002 12 14.5002C13.1048 14.5002 14.0002 13.6048 14.0002 12.5C14.0002 11.3953 13.1048 10.4998 12 10.4998C10.8953 10.4998 9.99979 11.3953 9.99979 12.5Z" fill="#FBFBFB"></path><path d="M15.2028 10.0171C15.6007 10.0171 15.9227 9.69505 15.9227 9.29721C15.9227 8.89937 15.6007 8.57734 15.2022 8.57734C14.805 8.57734 14.4829 8.89937 14.4829 9.29786C14.4829 9.69505 14.805 10.0171 15.2028 10.0171Z" fill="#FBFBFB"></path><path fill-rule="evenodd" clip-rule="evenodd" d="M9.52613 6.53628C10.1663 6.50648 10.3704 6.5 12 6.5C13.6296 6.5 13.8337 6.50648 14.4739 6.53628C15.1121 6.56544 15.5482 6.66652 15.9305 6.8149C16.3244 6.96847 16.6594 7.17387 16.9931 7.50691C17.3261 7.8406 17.5315 8.17559 17.6851 8.56955C17.8335 8.95119 17.9346 9.38791 17.9637 10.0261C17.9935 10.6663 18 10.8704 18 12.5C18 14.1296 17.9929 14.3337 17.9637 14.9739C17.9346 15.6127 17.8335 16.0482 17.6851 16.4305C17.5315 16.8251 17.3261 17.1594 16.9931 17.4931C16.6594 17.8268 16.3244 18.0315 15.9305 18.1851C15.5488 18.3335 15.1121 18.4346 14.4739 18.4637C13.8337 18.4935 13.6296 18.5 12 18.5C10.3704 18.5 10.1663 18.4929 9.52613 18.4637C8.88791 18.4346 8.45184 18.3335 8.06955 18.1851C7.67559 18.0315 7.3406 17.8268 7.00691 17.4931C6.67387 17.1594 6.46847 16.8251 6.3149 16.4305C6.16652 16.0488 6.06544 15.6127 6.03628 14.9739C6.00648 14.3337 6 14.1296 6 12.5C6 10.8704 6.00713 10.6663 6.03628 10.0261C6.06544 9.38791 6.16652 8.95184 6.3149 8.56955C6.46847 8.17559 6.67387 7.8406 7.00691 7.50691C7.3406 7.17387 7.67559 6.96847 8.06955 6.8149C8.45119 6.66652 8.88791 6.56544 9.52613 6.53628ZM14.4246 7.61642C13.7916 7.58791 13.6017 7.58143 12 7.58143C10.3983 7.58143 10.2084 7.58726 9.57603 7.61642C8.99028 7.64298 8.67279 7.74082 8.46155 7.82246C8.18164 7.93132 7.98143 8.06155 7.77149 8.27149C7.5622 8.48143 7.43132 8.68164 7.32246 8.96091C7.24082 9.17279 7.14233 9.49028 7.11642 10.0754C7.08726 10.7084 7.08143 10.8983 7.08143 12.5C7.08143 14.1024 7.08726 14.2916 7.11642 14.924C7.14298 15.5097 7.24082 15.8272 7.32246 16.0384C7.43132 16.3184 7.56155 16.5186 7.77149 16.7285C7.98143 16.9378 8.18164 17.0687 8.46091 17.1775C8.67279 17.2592 8.99028 17.3577 9.57538 17.3836C10.2078 17.4127 10.3976 17.4186 12 17.4186C13.6024 17.4186 13.7922 17.4127 14.424 17.3836C15.0097 17.357 15.3272 17.2592 15.5384 17.1775C15.8184 17.0687 16.0186 16.9384 16.2285 16.7285C16.4378 16.5186 16.5687 16.3184 16.6775 16.0391C16.7592 15.8272 16.8577 15.5097 16.8836 14.9246C16.9127 14.2916 16.9186 14.1024 16.9186 12.5C16.9186 10.8983 16.9127 10.7084 16.8836 10.076C16.857 9.49028 16.7592 9.17279 16.6775 8.96155C16.5687 8.68164 16.4384 8.48143 16.2285 8.27149C16.0186 8.06155 15.8184 7.93132 15.5391 7.82246C15.3272 7.74082 15.0097 7.64233 14.4246 7.61642Z" fill="#FBFBFB"></path><defs><pattern id="pattern0_1012_91586" patternContentUnits="objectBoundingBox" width="1" height="1"><use href="#image0_1012_91586" transform="scale(0.000439947)"></use></pattern><image id="image0_1012_91586" width="2273" height="2275" preserveAspectRatio="none" href="data:image/jpeg;base64,/9j/4AAQSkZJRgABAgEAlgCWAAD/7AARRHVja3kAAQAEAAAAHgAA/+4AIUFkb2JlAGTAAAAAAQMAEAMCAwYAAFokAABijgAAd23/2wCEABALCwsMCxAMDBAXDw0PFxsUEBAUGx8XFxcXFx8eFxoaGhoXHh4jJSclIx4vLzMzLy9AQEBAQEBAQEBAQEBAQEABEQ8PERMRFRISFRQRFBEUGhQWFhQaJhoaHBoaJjAjHh4eHiMwKy4nJycuKzU1MDA1NUBAP0BAQEBAQEBAQEBAQP/CABEICOMI4QMBIgACEQEDEQH/xADDAAEBAQEBAQEBAAAAAAAAAAAAAQUEBgMHAgEBAQADAQEAAAAAAAAAAAAAAAECAwUEBhAAAQIEBAcBAQEBAQAAAAAAAAMFcIA1FiIjMxQBEQIyEwQ0MRIGFZARAAADCAICAgEABwUJAQAAAAADo4ABcqLSBDREsXNDRcECESExQVGREjIQYdETM3GB8VJiksLiFBUSAAECBgEEAwABAwIHAAAAAAABAnCxcpIDM0QxMkNFcZFzERBBEmGCoCFRgUKDNP/aAAwDAQACEQMRAAAA9X5n5Z3e26jLei6jLRqMsajLGoyxqMsajLGoyxqMsajLJqMsajLGoyxqMsajLGoyxqMsalyqajLGoyxqMsajLJqMsajLGoyxqMsajLRqMsajLGoyxqMsajLGoyxqMsajLppswabMGmyxqMwumzIajLppsyGoyy6jLGoyxqMsuoyxqMsuoyxqTMhqzMi6jLGoyy6jLGoyy6jLGoyy6jLGoyxqMsuoyxqMuLqsoarKLqMsajLLqMsajLLqMsajLGoyi6rKGqyhqsouqyhqXKGoyy6jLGoyxqMouqyhqsoarKGqyi6rKGqyhqsouqyhqsoarKGqyhqMouqyhqsoarKGqyi6rKGqylarKGqyhqsoarKLqsoarJGsyRrMkazJGsyRrMka0yhqsouqyhqsoarKGqyhqsoarKGqylarKGqyi6rKGqyhqsqGsyRrMkazJGsyRrMkazJGsyRrMkazJGsyRrMkazJGsyRrMkazJGsyRrMka2149hh+rvDOV4Obg7+Ds6w2UAAAAAEAAACAAAAAAAKlAQAAAAAAAAAAECABQFAEAKBLFWCwAAUAFABQAVLAFABQAUAFABQCVYAFABQAUAFgAUAAFABQEsBVgAAUAAFAAABUsAAtAAAABQAAAAIFAAAAAAAC0AAAAAAAAABLFAAAAAAAAAAAAAAAAAAA1eDv4NfFDZQAAAAAAQAAAIAAAAAAWCgBAAAAAAAAAAQIAWFqCkAFABBQAAUAAFABQAVLAFABQAUAFABQJZVgAUAFBQAIFABQAAUAFASwVFAABQAAUAAFAgAAtAAABQAAAAAIFAAAAAAAC0AAAAAAAAABLFAAAAAAAAAAAAAAAAAAA1eDv4NfGDYAAAAAAAABAAgAAACpSKIsKlAAQAAAAAAAIAAAAAAFBAFAAABQAUAAFABUsAUAFBQAUAAFBUsAUAFABQAWLAAFABQAAUBBbAAABQAAUAAFAgAoFAAABQAAAAAIFAAAAAAC0AAAAAAAAFBAEsUAAAAAAAAAAAAAAAAAADV4O/g18YNgAAIAAAAAAACwIAAAAWCglQoAAQAAAAAIAAAAAAAsAFALAAFAABQAUAAFSwBQUAFABQAUARbLAFABQAUARbLAFAABQAAUCFWAABQAAAUAAFQAAAtAAABQAAAAAIFAAAAAAC0AAAAAAAAFABEFAAAAAAAAAAAAAAAAAAA1eDv4NXGDYAAAAAAAAAAAABAAAAFgpBYKAAAEACAAAAAAAAAAUAAAFAABQAAUAFAlRQAUAFABQAUAlWABQAUAFASlSwBQAAUAFASwWFAABQAAUAABBbLAAFAAAAC0AAAAAQBRSAAAABQAAoAAICgAAAUCAAAAAAAAAFIAAAAAAAAADV4O/g1cYNlAAAAAABAAAAAAAAAAQAAUlQqUAAACAAAAAAAAAAAAAAUAAFABQAUBFVABQAUAFABQBFLAFABQAUAFlCABQAUAAFASwLFABQAAAUAAFllEAAFAAAABQAoAABLFUBAAAAFAAAAAAACgAAAUBLAAAAAAABQASwAAAAAAAAA1eDv4NXGDZQAAAAAAAAAAQAAAAAAAACoSgAAAACAAAAAAAAAAAUAAAFAABQAVKEFABQAUAFABRAFABQAUAFARVQAUAAFAABQEpUsAAUAAFAAABQIAAFAAABQAAoAAFSwWCwAAAAUAAAAAAAKAABQAEogAAAABQAAACLAAAAAAAADV4O/P1ceo2KgqBYKgoAAAAAAAAAAQAAAAAACpQECAAAAAAAAAAAAUAAFAABQAAUQBQAUAFABQAUlIFABQAAUAFEVUAAUAFAABQAEsUAFAAABQAAUACABQAAAAUAAKCAtAQACwAABQAAAAAAAAAUAAAKAgAAACgAAAABKIAAAAAAADVz9DP1ccNlqCpQCAAAqUBAAAAAAAAAAAQAAAIWCpQAAAAAAAAAAAAAFAABQAAUgBQAUAFABQAUBBQAUAAFABQEpYIBQAtAABQAAWWUgAUAAFAABQAAIFAAAAABQAAAAUCUoBAABQAAAAAAAAUAAAAAACKqUAAAAAAAAAEsAAAAAAANTg0M/Vxw2UAAAAACxSKIoAAABAAAAAAAAAQAIAKJQAAAAAAAAAABQAAUAFRRABQAUAFABQAUBLFABQAAUAFAEUIBQAoFABQgALQBAFAABQAAUAAAQKVLAAAAFAAAABQAAAIKBQAAAAAAAAUAAAAAAABLCoqgAAAAAAAELBQAAAAAANTg7+DVxw2UAAAAAEAAAqCoKAAAAAAEAAACAAAAAFlAAAAAAAAAAAUAARQAAUAFABQAUIC0ARQAlCgAlABQAVAABQAUAFAAABQEFAAC0AIBQoCUAIFqUQAAUAAAAAFAAAAAgUAKAAAAAABQAAAAAAAAAIAAUlAAAKAEUAAAAAAAADVz+/g1ccNlAAAAAAAAAAAWEoAAAAAAAAgAAAEAAAAABQKgqUAAAAABSIABQAAUAFABQAUARQAAUAFABQAEsWwAUAFAABQAAUACUWABQAAUAAKAEUUEAFRQAAAAUAAAAAAQBQAoAAAAAAFAAAAAAAAAAiiUAAAAAELQAAAAAAAAANTg7+DVyA2UEAAAAAAAAAACKgoAAAAAAAAQAAAAAAAAAAABYKgqJagoJYAUAAFAABQAUAFABUAAFABQAUAARVQBQAUAAFAABQAAVLAAFAABQAAUQFAIAFCgAAAAUAAAAFASwAAAAABQAAAoAAAAAAAAAAAAAAARQAAAAAAAoAAIA1ODv4NfIDOgAAAAAAAAAAALBQAhBUFAAAAAAAAAAAAAAAAAAEAAoAAAKACgAAoAAKACopAoAAKACgAAoECgAoAAKACgAAoAEACgAAoAAKAAAgApYAAABaAAAAACgCAAAAAAKAAAAAAAAFAAAAAAAoAAAgAAAAAAAAAAAABqcHfwauSGygAAAAgAAAAAAAAAFQVBUFQVBUFSgAAAIAAAACgBAAAAAAKAACgAAoAAKAACpYAoAKAACgAoACKqACgAAoAKAACgAIKqAAAKAACgCFAIAqoAAAoAAAAUACgAJRFCAAACgAAAAAAAAABQAAAKAAAAIAAAAAAAAAAAACkUafB38GrkhsoAAAAAAAAAAAAAAAAAAAIAABUoAAAAAEAAAAoAAAAAKAACgAAoAAKIVCgAAoAKAACgApKIAKAACgAoAAKAJFi2iQFAAoAAKAAABAopAAAoAAAAAKAAAILBUUAACgAAAAAAAAAAoAAAUAAAABAAAAAAAAAAFEURQABp8HfwauUGygAAAAAAAAAgAAAAAAAAAAAAAAFSgQAAAAAAACgAAAAoAAAKIVBULUALYAAKAAEoAKAACgIKAACgAAoAAKAICqgAAoAAAKAAACoUUIAAKAAAACgAAACAoAgoAAUAAAAAAAAACgAAABQAAACWAAAAAAAAACwVBUFAABp8HfwauUGygAAAAABAAAAAAAAUAAAAAEAAAAAALKAAAAAAAAAoAAAKIVACgAAoAASgAAoAKAACgCAKACgAAoAAKAAIopAAoAAAKAAACiAFBAAoAAUAACgAAAAAAogAAAAAFAoAAAAAAAAAAAAAAAEFAAAAAAAAAAAAoAAGpwd/Bq5QZ0CKJQAAAAAAAAAAAAAAAAAAAAAAAAAAAAsAAAAAFAAABQAAUAAAJQAAUAAFABQACFAABQAAUAAFABSAsLABQAAAUAAAFEBSUEsUAAAAFAACgAAAAUABAAAAABQAAAAoAAAAAAAAAAAAFAAikiiKIolARQoAAAAAADUz9DP08oNmQAACwVBUoAAAAAAAAAAAAAAAAAAAAAAAAAAAAAACgAAAoAQACgAAoAAKAACgACKWAAKAACgAAoAAKgKgCgAAoAAAAKAICgKICkAACgAAAAAAAoAUAlgAAACgAAAAAAABQAAAAAAAAAKAAAAAAAAgAAABQAAQBqZ+hn6uWGzIAAAEAqCoKgqCoKAAAFBAAAUAAAAAAAAAAAAAAAAAAFACAAUAAAFAABQAAAUAAFQLBQAgAFAABQAAUBFCFAAABQAAAUAAQFUAQWUSwC0AAAAAAFAAAAAAhSKEsUKAAAAAAAAAAAACgAUAAAAAAAAgoAAAIAAAAAAAADUz9DP1cwM6AAAAAAAAAsFQVBUFQVFVBUFAAAAAAACgAAAAAAAAABAKAAACgAAAoAAAKAACkFILEoAAKAAACgAAoAAKgAAAoAAKAAAACxQAIKALAAAABQKAAAAAAAAItAIAAABQAAAAAAAAAKAAAAAAAFAAAQCwUACWAAAAAAAAAGpn6Gfp5gbMgAAAAAAAAAAAAAAAAAAFgoAAACCoWoKgqCoKgoAAAAUAAAAFAAAEKRVgsAFACAAUAAFAABQAAAUAAFEBSABQAAAUAAAFAAELAUUBLAsAAAUAAAKAAAABQAAEAAAAAAFCgAAAAAAAAAAAAAAAAEsoACoKBAAAAAAAAAKNPP7+DTzQ2ZAAAAAAAAAAAAAAAAAAAAAAAAAAAoAAAAAFQVBULUFSgABC1BYAAAKAEAAoAAKAACgAAAoAQACgBUqKEAAAAoAAAKAAAAlLKAhYUUQKAAAAAAACgAAABQAgAKQAKAAAAAAAFAAAAAAAAAAAAAJYoAIFLKQApFEURRFEUAoAGlwd/Bp5oZ5AAAAAAABQAAAAAAAAAAAAAAAAAAKAAAAAAAACgABAAKAAAACgAAAoAAAKAAChAAAKAAACkBYAoAAAAKAAACgAAAIAoItgAAABQKAAAAAAAAAILC0CWUAAAAAAAAAAAAAAAFAoAAAAACURRFgAAAAAAAAURRKAGlwd/Bq5wZ0AAAAAAAAAAAFAAAAAAAAAAACgAAUAAAAAAAJQAAAAAUAAAAFAAABQAAAlAAABQACChQCAsLBQAAAUAAAAFAAAAAQUoIAAAAUAAAAAKAAAABQAABAAAAKAAAAAAAABQAAAAAAAoAAAAAAAABKIoAAAAAAA0uDv4NPODZkAAAAAAAAAAAACgAAAAAAAAAAAAAoAAAAAAAKAAAACgAAAAAoAAAQCgAAoAAACWKsFgAAthAUAChAAAAAKAAACgAAAIAUACgAAAAAAAoAAAAUAAIAAAAAAAABaAAAAAAAAAAAAAAAFAAAAAAAAAAAAAAQGnwd/Bp54Z5AAAAAAAAAAAAABQAKAAAAAAAAAACgAAAAAAoAAAAAKAAEAAAoAAAAKAAACgCFQBKAAAACgAAAAoAAAAAKAAAAAgpRFgAAAAFoAAAAAAAAAAAEChQAAAAAAAAAAAUAAAAAAAAAAAAAAAAAAAFAAAAAJYAunwd/Bo58VsyAAAAAAAAAIKgoAAACFoAAAAAAAoAAFAIFgqCoKAFAAIKgqColqCpQAAFEKAAAQoUAAQqWIFsAAAFAAAABQAAAAgFAAACgAUAAAAQAABQAAAAAAAoAAFAAAQBQBAAACgAAAAAAAAAAAoAAAAAAAAAAAAAAAAAAAACFWKNLP0ODT4IszyAAWCoKgqCoqoKgsAAAAABYAUACoKgqCoLAAqCwUAAAAAFAAAAABQAAALAABQAAAgFAWAAAFAAAABQgAAAAFAAAAABQAAAAAACVYoiwAACgAAUAAAAAAAACKoAAQAAAAAACgAAAAAAAAAAAAAUKAAAAAAAAAAAAAAAAA0s/Qz9HgDZmAAABUAAAAAAAAAAAAAKAAFAAAAAAoAAAAKAAAAAACgAAABAKAAAAACgAAAABKAAAACgAAAAAAoAAAAAAKAAAAAIAAAoAAAAAUAAAAAAAAAQoUAAAAAAAAAAFAAAAAAAAAAAAAAAABQAAAAAAAAAAGln6Gfo8IZ5AoAAAUAAAAAAAAAAAAACgAAAAAABaAAAACgAAAAAoAQAAAACgAAAAABKAAAACgAAAAABKAAAAAACgAAAAAAACLUpFVKCAAAAAACgAAABQAAACAAAAAAFAAAAAAAAAABQAAAAAAAAAAAAAAAAAAAAUAEAaWfoZ+nxBnkAAAAACgAAAAAAAAAAAAoAUAAAACgAAAAAoAAAAAKAAAAAACgBAAAAAKAAAAAChAAAAAAAKAAAAAACgAAAASgAQWAAACgABQAAAAAAAAAhYoFEpAAAAAAABQAAAAAAAAAAUAAAAAAAAACgAgAAKAAAAABpZ+hn6PEGeQAAAAAAAAKFAAAAAAAAAoAAAAAUCgAAAAoAAAAAAKAAAEAAAoAAAAAAASgAAAAAAoAAAAQAACgAAAAAAACLUFhQAAAAAAAAAAAAAUAACgAACFgABQAAAAAAAAAAAUAAAAAAAAAAAAFAAAAAAAAAAAAAaWfoZ+jxBnmAAAAAAAAAAACgAAAAAAAoUAAACgAEFShC1BUFQVBUFQVLaEAAAAAAAoAAQAAAACgAAAABAAKAAAAAAAACgAAACFlEUSwVAAACgAAABQAAAAAAAAAAUgAAAAAABQAAAAAAAAAAAUAAAAAAAAAAAAAAAAAAAAAFAaWfoZ/n8YZ5gAAAAAAAAAAABaAAAAAACgAASwVFpYLBYAAKAAAACgAAVBUFAAAEoAAAAAAAAAQCgAAAAAAAoQAAAAAAAAAACiFgBQAAAAAAAAAAAAAUAAAAICkWAAAUAAAAAAAAFAAAAAAAAAABQAAAAAAAAAAAAAAAAAAGln6Gf5/IGzMAAAAAAAAAAAAAFAAAAABRKsAAAFAAAABQAAAoFCAoAIAWCoKAFAAACAAAAAAAAAUIAAAAAAABQAAAAAAACAoiwABQAAAAAAAoAAAAAAAAKAAiiKAIAAAKAAAAAAAAAACgAAAQAAAAAKABQAAAAAAAAAAAANLP0M/z+QM8gAAUAAAAAAAAAAAFCgAEAFAAAABQoAAAFAAAABQAAAAAAAKiWpQAAAAAAAIAAAABQAAAgAAAAAAFAAAAAAIAAAoAAAAAAAAAAAAAKAAAAAACkAAAAAAAKAAAAAAAAACgAAAAAAAAAAAAAAAAAAAAAANLP0M/z+QM8wAAAAAUAAAAAKAAABQEoQAAUKAABQAAAAUAAAAFAAAAAAAABQAKgqIqCoKlAAAAAgAAAFAAAAAAAAAAAAAASwKWAAAAAAAAACgAAAAAAAAAoAEASwBQQAAKBQAAQAAAKAAAAAAAAACgAAAAAAAAAAAAAAAAANLP0M/z+UMswAAAoAAAAFAAAAAAABUUlSgAAUAAAFACgAUAAAAFAAAAAAAACAUAAAACoKIAAAAAAAACUAAAAAAAAAAAAgqCwAAAAoAAAAAAAAAAAKAAAAAAEoAAUiiLAAAKAAAAAABAUKAAABAAAAAAAAAAAAAAoAAAAAADSz9DP83mDPMAAAAAAAAAFAAAAACgVFIsLAABQAoAFAAABQAAAAUAAAAAAAAAAAJQAAFgqUACAAAAAAAAAAAAgAFJaSiKIoiiKIoiiLAAAAAAAAAAAKAAAAAAACgAQAAAQqAKAAAAACgAAAAAAAAAoAAAAAAAAAAAAAAAAAAAADSz9DP83lDPYAAAAAAAAAAAChQAAEoCKUSoABQKAAACgAABaAAACgAAAABAAAAAAAAAQKsUSgAAAAEAAAAAAAAAAAAACFQVBUAAAAAAAUAAAAAAAAAFAAAAACFRVQAAAAAABQICgAgAAAUAAAAAAAAAAAFAAAAAAAAAAAAAAaWfoZ/m8wZZgAAoAAAAAUAAACgAAASghaUIAAKAAAAChQAKAAAACgAAAAAABAAAAAAACxFAAAACgAAAABAAhUFQWURRFEURRFEURRFEUQUAAAAAAAAAAFAAAAABQCUkURYAAFgFAAACkWAUAAAAAACABQAAAAAAAAAAAAAAAAAAAUAABpZ+hn+XzhnmAAAAAACgAAAAAAoAACVQCKsoQAAKAFAAoAAAKAAAFoAQAAAAAAAEAAAAVBQBAAAAAAAAAKAAAAAQVBUFQVBUFgAAAAAAAABQAIAAAAAAFAAAAAABQAAJFEoAABSAAAAAAFAAAAAAAAABQAAAAAAAAAAAAIAAABpZ+hn+XQGeYAAAAAAAAKAAAAAFAoACUAIKoQAUCgAAAoAAAWgAAoAAAQAAAAAAAEACkUAAAABAAAAAAAAAEURRFEURRFEURRFEUQAAAAUAAAAAAAAFAAAAAAgUAAILBQAABQABAAFAgAAAAAAUAAAAAAAAAAAAAAURVRRFEURRFEURRFGjn6Gf5POGewAAAAAAAAAAAFACgAAUAACUEsVSoAAFAAABQoAAFAAAAAAACAAUAAAAAIWCoKgqCgAAAACAAAAAAAAAAACCwoAAAAAAAAAAEACgAAAAAoAAAAACCgFlQAAAQCgAAAAAAoEAAAAAAACgAAAAACiKIoiiKJQAAAAAAA0c/Q4PLoiss5QAEAAUAAAAAAAKBQAAAAUACUpLFUIAAFACgAUAAAFAAAAAAACAAAAAAKgqCgCAUAAAAAAAAAAIACgAIoiiKIogAQAAAAAAKAAAAAAACgAQAAAAKAAAAAAEoAsQAAAKAAAAAACgAAAQAAAAUiiKAoAAAAAAAAAAADR4O/g8mgMtgACAKRRKCUQKAAFAAAAAoAAAAWgSgliqEAAFoAAAKAAAACgAAAAAAABAABYAAFEURRFBLAAAAAAAAAAAAAAAAAAAEAAFAAAAAAAAgUAAAAAFAAAAAAgUAAAABFVFgACAAABQAAAFgCkURVRRFEUSgAAAAAAAAAAAAAAABo8HfweTQGWYAKAAAABFEoJYBQKAAAACgABQAKAABCqlgFAAoAAAKAAAAAAACgAAALLAAAAAAhUFAAEAAAAAAAAAAAAAAAAEAUAACAAAAAABQAAAAAUCAAAABQAAAAAIFAAAARVRQAgFEUkUBQAAAAAAAAAUAAAAAAAAAAAAAABo8HfwePQGWwAAAAAAFACgIoASwBQAAAAtAAAABQAEstUIAAFAAABQAAAAAAAAAAAFiKlABCwAUBYKAAIAAAAAAAAAAABAoCKIsAAAAAAAAoAAAEAACgAAAAAoAEAAACgAAAAsAAAAAACgAAAAAAsAAAAAAAAAAAAACgAAAAAANHg0M/xaQy2AAAAAAABQAKAAlEoRYAoAAUACgAAAoUABFKlEAKQKAAAAACgFEoAAAAJRFEEAFEURRFEUSgAAAAAAEABQAAAAAAAAAAAAEUkFAAAAABQAAAAIFAAAAABQAAIAAFAAAABYAAAAAAFAAAAAAAABQAAAAAAAAAAAAAAAGln6Gf4tIZbAAAAAAAAoAAAAAFAihKIALQAAAUAALQAAAVKAEogFFiiAAFJQAAAAABQAAgAAAAAAAAAAAAAAAAAAAAAEAAAAAAEqwAAAAAoEAAAACgAAAAQKAAAACgAAQAAKAAAAACgAQAAAAKAAAAAAAAAAAACgAAAAAAANLP0M/wAOkMtgAAAAAAAAUCgAAAAAoCURVRYAoAAAKFAAoAAAAKAAABFAKAAAAAAAAAAAEAAAAAAAAAAAAAAAAAAAAAAABQCUQAAIAFAAAAAABYAAAAFAAAAgUAAAAAFAAgAAUAAAAAAFAAAAgAAAUAAAAAAAAAAAAAAABpZ+hn+HUGWwAAUiiKIoiwACgAAAUAAAAALUolCLAFAACgUAAAFAAAABQAAAAAAAAUAAAAAAIAAAAAAAAAAAAAAAAAAACgAQAABKEogoAAAEAACgAAAAoEAAACgAAAQKAAAAACgAAQAKAAAAAAACgAAAAAAAAAAAoAAAAAEAA0uDv4PBqDLYAAAAAABFgFopAAAAAAoAAAUCgRRFEChQAAKAAAACgAAAAAoAAAAAAAAAAAAQAAACgAAgAKAAAAACABQAAAAAAAAWAJRFEWAAUAACAABQAAAUCAAABQAAAAWAAAABQAAAAAIFAAAAAAABQAAAAAAAAAAAAAAAGlwd/B4NIZbAAAUAAAABKAoCLAVYsAAAAUAAKABQEoSiLLRSAABQAAAAAUAAAAAAAFAAAAAAAACAAAAAAAAAAAAAoAAAAAAEAACgAAAAAsSiAAAACgAAQAKAAACgQAAAKAAAACwAAAAAKAAAAAACgAAQAAAAAAAAKAAAAAAAA0uDv4OfqDLYAAAAAAAAAAFoAAEWKKRRAAABaAAAACgABUUoEUQAAKAAAAAACgAAAAAAAAAAAoAQAAAFBAUAAAACAAAAAAAABQAAIAAFAAARRFiBQAAAUAACABQAAAUCAAABQAAAAUACAAAABQAAAAAAUAAAAAAAAAAAAAAABp5+hwc/TFZbIoiiAAAABQAAAAoFAAAAAiliiCgAAUAAAFACgAAWKIUiiAAALFAAAAAABQAAAAAAAAAAAAAAAAAAAAAAAAAQKAAAAACgAQAAAKAASiKSCgAAAoAAEACgAAAoAEAACgAAAAoAAEAAAACgAAAAAAAAAACqlAAACLAADT4O/g52oMtgAAAEURRAAFEAAFoAAAAKAAAlEWWgAAAAoAAAWgAAAAAJSxQABFEWAAKAAAAAAAAAACgAAAAAAAAAgAAAAAUAAAAACBQAAAAUCAAAABUWAAIFAAABQAIAFAAAABQAAIAFAAAAAABQAAAAAIFAACkURQAAAAAAAAABpcHfwc7UGWwAAAAAAAAFAiiLAoiygAUAAAAFACgIpYUgAAAUAAKABQAAAAAAUBKIsAAAAUAAAAAAAAAAAAAAAAAAAAAKBAAAAAAoAAEACgAAAAoEAASiCgAAQKAAACgAQAKAAAACgAAAQKAAAAAAACiiKIolAAAAAAAKAAAAAAA0uDv4ObpC7AAAoFAAAAAAAAABQIqooiiLFAAAABQoABKIpYogAAUAKAAAABQAAAAIogWxSLAAAAAAAAAFAAAAABAAAAAAoAAAAAKBAAAAoAAEAACgAAAsAiggFqKJUBSBAoAAKAAAKSCgBSAACgAAAACrIolAAAAAKAAAAAAAAAAAAAAA0uDQ4ObqirsgAAAAoAAAAAAFAAAAAC0BKIoiwBQAAAtAAAABQIoiiAAC0AAAAAAFAAAlCLAAFAAAAAAAAAAAAAAAACgAQAAAKAAAACwAAAAKABAAAoAAALAIoARalBFIsQKFIolAKAAASiKsASiKJQCgIoAAAACgAAQAAAAAAAAKAAAAAA0+Dv4OZqC7AAAIoiiKIqooiiKWKIsAAAAUAAAKBQAIoiiBQAoAAFAAAAABYoiiKIKABQAAAAAUgKIoiwAAAAAAAAAAAAAACgAAAAAoEAAACgAAAQKAAACgAQAKAAAACwCUAqKAAAoEAAACgAAAAoEAAAACgAAAAAAAoAAAAAAAAAAAADT4O/g5mkLsAAAABQAAAAAoACKJRYoiiKIsAUKAAABQEoiiKIstAAAAABQAAAAIpYKAAAABQAAAAIsAUAAAAAAAAAAAKABAAAAoAAAALAAAAAoAEACgAAAoEAACgAAAsAAACgAAAoAEAACgAAAAoAAEAACgAAAAAAAAAAAoAAAAADT4NDg5emKu2AAAAAAAAAAAAC0AAAAAFAiiKIqoAFAAAABQIqooiiBQAAAAAUACKqLAAFAAAABQEogAAAAAAAAAAoAAAAAAKBAAAAoAAAECgAAAoEAACgAAQKAAACgAAoEAAACgAAAoAEAACgAAAAAoAAAAAAALAAAAAAAAAAAANTg7+Dl6Qu0AAAAACKIoiiKIpYAAAAKAABQAAAAUKiiKIAFAAAABQpKIogAAUAAAABKWLKAAABQAAEogAAUAAAAKAAABAAAAoAAAALAAAAAoAEACgAAAsAAACgAQAKAACgAAAsAAACgAAAAoAAECgAAAAAAoAAAAAAAAAAKAAAAAA1ODv4OVpBsACgAAAAAAAUAAAAAAAFiqiiLAAAFAAACkpYogAAAUAAKAilgAAAAAUACKqABQAAAAEpYAAAKAAAAAAAAACwAAAAKAAABAoAAAKBAAAoAAECgAAoAAECgAAAoAAAKBAAAoAAAKAAAAACwAAAAAAAKAAAAAAAAAAAA1OHu4eVpBsAASiKIoiiKIstAAAAAAAABQAAAAoFiiLAAAFACgEoiliwAAAAC0BKIoiwBQAAAAIstAAAABQEogAoAAAAAAAAAKAAAACwAAAAKBAAAAoEACgAAAoEACgAAAoAEACgAAAoAAKAAABAoAAAAKAAAAACgAAAQAAAAAKAAAAAA1eDv4OTpBsAAAAAABQAAAAqKIoiiLFFIogAAAAtAAAiiLFAAACgAUCKIogUAKAAASlgAAAAUKShKIsAUAABKqBQAAAAAAAAsAAAACgAQAAKAABAAooiiKIqyKIogoAAALAAAoAAAKABAoAAAKAAACgAAAsAAAAACgAAAAAAoAAAAAAAAAAADV4O/h5OiKbIoiiKIoiliiLAAAAAAAAKBQAAAIoixQAAAoAFASiKIoiiC0AAAFSiKIAKABQEoiiABQAoAFiwAAASqSlgAAAAAAAoAAAECgAAAQqoAAAUlLAAAAoAALAAEoiqgAAsAAACgAAoAAECgAAoAAAKAAAACgAAQAAAKAAAAAAAAAAAAAAA1eHu4eToBsAAAABQAAAAEoiiKIAAFAAACgAVKIoiiKIALQAAAAAWKIKABQAAIogAtAAAASliiACgEpYsAAAoFiiAAAACgAAAAAAsAFJYLCgAQoACgAQAKAAACgQAKAAEooikiiKqAACgAAAoAAKAABAoAAAKAAAAACgAAAAAQKAAAAAAAAAAA1uDv4eRogmwAAAFLAAKAAAAAAAABQAIoiiCgUAAAAAFSiKqKIogAUABKqKWAAAAABYqosAAAUBKIsoAFAiwACgUBKIAFCgAAQAAAqopEoigAKAABAoAAAECgAAoAALAAABKKBCpaBAIsoAAKAAACgAAoAAAKBAAAAoAAAAAAKAAAAAAAAAAAAAA1uHu4eP5wbAAAAAUAAAABKIoiqgAAUAAAAAFSiKqKIoiwABQAAoBKWLAAAKBUoiiAABQApKIogAUAKiwBQAEoiygUABKIALQAAQBQACgQAAKAAABAoAAAKBAAoAAAKBAAoCKAoCUAoCKIKBAAAoAAKAAACgAAAoAAAAKBAAAAAAAoAAACoKlAABADW4e/h43nixsAAABQAAAAAAAAAApKWKIogAAAAUAAKAABYoiiAAC0ACKIsAUKAAAiiLFACgAWLAAAKilgAAEqoFAAAACkpYpAAAAoAEAACgAAAsAAACgAQAKAACgAAsAACgAAAoABKqLAAKBAAoAAKAAACgAAAAoAAAAAAKBAAAAFgqUAAAAAINfh7uHjecGwAAAFAAAAAAAiiKIogAAUKAAAigFiiKIogAoFAAAAiiLLQAAAIpYsoAAABKWKIsoABKWKIKABYsAAApKWKIAAKAAAACgAAAQKFIoiiKIqyKIoACgAAsAAACooiiCgAQKAACgAAoABKqLAAKFIsAoAAAKAABAoAAAAKAAAAAAAWKqCpQAAAAAADW4e7i4vmiybAAAAAUAAAAAKAAAAABYoiiKIAKABQAAAEoirYogAAAAtiiKIAAFCkoiwABQAEqoogUBKIsoAFAiiCgAAWKIqooiwFIoiqASkigAKAAACgQAAKAABAoAAKAACgEoiqgQAKAACgAAoAAKiiLBSosAAoAAAKAAAACwAAAAAAKAqCoKAAAAAAAADX4e7h4vmCbAAAAAAUAAAABKIoiqiiKIAFAAAAACgWKIsAAAAUKAiiLAFCgAIoiiBQoABKIogUKAAiwBQpKIsAUAKSiLAAALQAAQAKAAAACgAAAoEAACgAAsAAACgAoAAKAASqixAAoAAKAACgAAoACLKAAWCwoAAAKAAAAChSKIpIoAAAACgAAAAAANfh7uHieYJsKIoiiFIAAFAAAAAAAAAACgWKIoiiKIsAAtAAAAiiKWCgAAIoirYAAABKWLKAAAABYsoABKWLAKAAiiLKBQEoiiKqKIsAAAooiwAChSKIoiiKsiiKIqooiiKIqyKIoiqgAAoAAKAACgEoiygQLQQAKAACgAAoBKIsqoKCACgAAAAoAoiiKJQCgAAAAAAAAAAANfi7uHieUJsAAAAAAAAABQAAAEoiiKIogAAtAAAASiKIstAAAABYqooiwAABUqooiwAAC1KIogAApKWLAAFiqiwAACkoiliwACgAAAAoAAAKABAAoAAAKABAoAAKAACooiwCgAAoAAKASiChSCgAAoEACgAULAAUBLKAACwAAAoiqigAAAAAAAAAKAAAAA2OHu4uH5YrHZFEURRFEURRFEURRFVFEURSwAAAAAAAALFVFEWAAAAWgJRFEUQAWgAARRFgFoACURRBaAAlEUQWgJRFEWAWgRRFgFAAAqURVRRFgAFAAAgUAAAFAABQAAIFAABQAAUAAFARRFlABQAAUBFEqUKQUAAFAABQACVUoAQAUAAALUoAgAAAAUAAAAAAAAAABscXdw8LyhNgAAAAAAAAAAAAAAUCgJRFEURRAAoAUAlEURRAAoUAAAlEVbFgAAAlWxRAAARVRSxYABSURRAoAVFEWAKFARRFEAFAAABQAAAUAAFAAABQAIAFAJRFVFgFAABQAAUAlEWUAFAABQACVUWAUAAFAABQAAUlgAAFAFAAAUAAAAAAAAAAAFAAAmzxdvFwfIE2gAJRFEoAAAAJRFEURRFEURYAAoAUAABFEUsURZQAAAAEVbFEUQAAUCpRFEAFAoEURRBQACUsWUAABFLFlAARRFVAoAAUAlEURVRRFEURVRRFEUQUACBQAAAUAAFABUURYBQAAUAFAAQtQAUAAFABUWAAUAAFAABQAEFAACgAUAAAAAAFAAAAAAAAAAbPF3cXB8cVNkURRAAAApRFEUQAAAAAAAAALKCURVRYAAAABaBFEURRFgFoAACURVQAKAAlVFEWAKFJRFEWAAVFLFEAFAsURYBQCURRFVFEWAAUAAAFAAABQAAUAAFARRBQAAUAAFARVQAAUAFARYBQAUAAFARZQAAUAAFoIChSWAAClAAgAAUAAAAAAAAAAAAAFbXF28XA8YY7AAAoAAAAAAFAAAASiKIoiiKIsAAUKAASiKIoiwC0AAAAKSliiLAAKASiKIpYKAAiiLKBQAIqoogUACKqAAAirYoiiACgAAoAAAKAASiKqKIAKAACgAAoCKIqoAKAACgIqoAAKACkoiwCgAoAKAiwCgUAKAACgAIKAUAAAoAAAAAAKAABAAAAAANvi7eLgeMMdgEURRFEURRFCURRFEURVRRFgACgAAAAAAJSxVRRAAAABSUsURRFEFAAAqURVRRAABSUsUQAAUlEUQKFAJRFEFoCURRFVFgAAFAsURSRVRRFEVUAAFoAAAUAAFJRFJBQAUACpVRRABQAUBFVAABQAVFEFAABQCVUCgBQAAUAAFJYACgUAAAAFAAAAAAAAAAAAAbfF28fA8MVjtiiLAAAAAAAAAAAAAAAKBQAEoiiKIAAKAABUoiiKqKIsAUAAKSiKIogoAFiiLKAABYqooiwAASrYogAEqooiiC0AABKqKIoiwCgAAoAAAKAiiLKAACgAAoBKqKIAKAC1KIsAoAKAiygAAoAKiiCgAoFSiCgAAoAAKASwClgqUAACgAAAAAAAoAAAAAADc4u3i+f8IY7AAAAAAUAAAAAAACKIoiiACiliiKIAAAAKSiKIogUAKAAAAiliqiiAACkoiiBQpKIoiiLKBQAIqosAAIq2KIAKAAiiKqKIsUAKAACgIoiiKqKIsAoAAKASiKqACgAEqoAKACkoiwC0AKSiLKACgAEsoALQApKIAKAACgAUKgFgoAoEAAAACgAAAAAAAAAANzi7eP5/wAMVjsiiKIoiiKIoiiKIoiiKIpYoiiAAAAAACgAAEpYoiiLKAAAAACopYoiiKIsoAABKWKqLAAKSliiLAAKAiiKIstASiKqLAABKtiiKIogoAAKiiKIoiqiiACgAAqKWLLAAAUKAiqiwCgAIqosAoAKSliwCgAqLAKACgIsoFACgEsoAKAAC0ACLAKAWCpQKAAAAAAAAACwAAAADd4u3i+e8IY7AAAAAAAAAAAAAAAAAUBKIoiiKIqoogAAAAAtAAiiKIoiqiwBQAoCKIoiygAIpYqoogAAqKWKIogoCKIogtAAiqiiLAAKAASliqiiLAKAACgEoiqiwACgAqKIsAoBKtiiACgEqosAoALYogoACKqACgAtEAoAAKgAtACgAApLAACoqpQAAAAAKAAAAAAAAAA3ePs4/nueGOwAAFAAAAAAAAAAAiiKIoiiKIsAAUAKAAAAAAiqiiKIpYogAoABKIqoogAtASiKIogtAAiiKqKIsAoCKWLAKASiKqKIFACgEoiiKqAACgAEq2KSLALQAIqosAoABKqLAKAC2KIsAoBKqLAKAC2LAKACosAUKAiqgAoBLKBQoAAKASwCgAAFgqKqCgAAAAAAAACgAAN7j7OP53nhjsAASiKIoiiKIoiiKIoiiKIsAUAAAAAAAAAAKAiliiKIqooiiAAACgIpYoiiKqLABKqKIpYsAoBKIoiqgUABKqKIAKAiliiKqAACooiiKILQAAqKIoiiLKACkoiiLKAC2KIsAoBKqKIKAASrYsAoBKqLAKBYqoAKAiygUKAgoAKBYsoAAKAELCgUEACqgqCgAAACgAAAAAAAAN7j7eP53nxWOyKIoiiKIsAAAAAAAAAgAAKAABQAAAEoiiKqKIoiwACgUAAACKqKIoiiLKBQEoiqiiLAAKiliiKIKAAiqiiBQEqooiiLKAASliqiiACgEoiqiiLAFCkoiqiwACkoiygAAtiiCgAqKIKACkpYsAoCKqBQpKIKACosUKASqgAoBKtgAoACLLQAAoAAAAEClgqCpQAAAAAAAADf4+zj+d5wY7AAAAAAAUAAAAAAAAIiqiiKIoiiKIoiiKIsAAtAAAACgAIoiiKWKqKIogoACKIqooiwBQpKIoiiCgEoiliygAIqooiiBQoCKIqosAAoCKWKIKAACkoiqgAEq2KIKAiiLKACkpYsoAKiiCgAqKWCgEogtCkogoALYAKACoALQIsoAALUAKAAAACgAFgqCpQAAKAAABACCoPQcnZx/Oc4MdgAAAAACURRFEURRFEURRFEURSxRFEURRFEAAAAAAFAAAAJVsURRFEURVRRAABSURSxVRRFgABFVFEWAWgJRFEWUABFWxRFgAFARRFVFigAJVRRFgFAARVsUQUBFEVUAlVFgFoAEVUAFJSxZQAVFgFAJVsAFJRBaAlVABalEFABUWAWgJZQAUCoUAAAFAAAABQAAAAAAFQVBUFQVB6Hj7OT5zmxWOyKIoiiKIoiiKIsACiKIqIAAAAKAAAAAAAABQAAoBKIoiiKIqooiiKIqoAFACooiiKIqoAACKtiiLAAKSiKIsoFSiKIqosAApKWKIogoACKqKIFCgIoiqgAoCKWCgIqoAKSiLALQIqoAKSliygEqosApKWLKASrYAKSiC0BKqCgEqoFCkogoFACoAKAAAACgAAAAAAAAAAAoAD0XH2cfzfMDHYAAAAAAAACgABAAAUAAAAAAAAAAAAlEURVRRFEUsURVRRFEUQUAAAlVFEURRFlAoAEVUURYABSURSxYBSURRFVFgCgRVRRFgFAJSxVRYABUURRBaAFRRFgFRRBalEVUAAlVFgFoEVUAFRSwUBFlAoVABSVbABSUQWgJZQAWpYBQEWUChQEFAABQAAAAAUAAAAAAAAAAB6Lk7OP5vmBjsAAAAAAAAAAAASiKIoiiKIoiiKIoiiKIoiliiKIoiiKqKIoiiKIqooiiLAAKAAiqiliiKIsAoACKIqoogUBKqKIsApKIpYqosAAIqooiwC0CKIqoABKtiiLAKAiiLKBUqosAqKIsoFSiKqACosUKSiLKASrYsAqLALUqoAKSlgoBLKBUqoKASrYAKSiC0ABKqAC0AAALAAAAAAAAAAAAAAPR8nXyfOcwMMwAAAAAAEoiliiKIoiiKIoiiKIoiiAFIoiiKIoiiKIoiiKIqooiiKIqooiwABQoACKIqooiiKIKAAiiKtiiAASqiiKILQIoiiLKAAiqiliwACooiwC0CKqKIAKSliwCkoiygEq2LAKSiKILQIqoBKtiwCoogoFiygpKILUogoFiqgAqLLQEqoFCkogoBLLQAoCCgUAKAAAABAoAAAAAAFAAA9HydnJ83yorDZFEURRFEURRFEURRFEURYAAAAAAAAAAAAAAACrFEURVRRFEAFAAAABQAEURVRRFEUQUCgRRFVFEAAlVFLFEFARRFEVUCgJRFVFEAFRSxYBSURVRYAoVFEAFRRBaBFVABUUsAFRRBalEWUBFWwCVUFAsWUAlVAoVFgFsWUAFsAFJYBaFRYBQLBQAUlEChQAAAAUAAACAAoAAAAIB6Tk6+T5vlhhmAAAAUQAAAAKAAAAAAAAAAAAAAAAAAFAAAAABQAAAAUABFEVbFEURRABQCURRFVFgChUURRFgFJRFLFEWUAlEVUUQKlVFEAFRSxVQAEVUWAKlVFgFRRFlAsVUWACVbAJVRYBbFEFJSwUFRYBbFEFJSwUFRYBbFgFJSwUFRYBalEFAJZaAFAoEWUAAFAAAAAAAAAAAAAhR6Tk6+T5zlBr2AAAAAAAAAAAAAAAAAAAAAAAAAAoAAUAAAAAFAAAABQAEURVRRFEUQUAABFLFVFEABFVFEWAWgRRFEVUABFWxRAJVRRAoVFEWUAlEVbAJRFVAJVsWAUlEWAWpRFlARZaBFVAqVUFJSxZQEWUCpZQUlLBSUQWgRZQVFLBSURZaAlVABalEFABQLFEFAAAAgKCABQKAAACAAel5evk+b5QYbAAAAAgAAACKJQASiKIoiiKIoiiKIoiiKIoAAACgAAAAAoAAAAKAASiKIqooiiKIsoFAASiKqKIsAEqopYoiygEoiiKqBQIqosAEq2KIAKiiLKBUoiygEpYsoCKqACopYsAqKWCkogpKtgEqoFSqiwCosUKiwC2LKASrYBKqC1KIsoFSqgAtiygEqoFCkogAoAFiygQAABYAoAAAFAABFAD0vJ18vzfKisM4oiiKAAAEoiiKiKIoiiKIoiiKIoiiKIoiiKIoilikACgAAAAAoAAAAAKAASiKqKWKIoiiKqAAAAiqiiLAFCooiiKqAAiiKtiwASiKqBUqoogEqopYsAqKIsoFiiLKAirYCKIsoFSqgEqosUKiykpYKAiygWLKAiy0KiwC2LAKSxQpKqBQqLALUogoLYAKSiC0BKIsoAKBREqCigAEoiiKIpQAAIEKAPTcnXy/OcmK17IoiiKIoiiKIoiiKIoiiKIqIoiiKIoiiKIoiiKIoiiKqKIoAAACgAAAAAAoAABKIqooiiKIoiqiwAAASqiliiLAKSiKIqosAUCKqKIBKIq2ASqiiBUqoogAqKWCkoiiC1KIsoCKWCkoiygWKqAirYKiwCosUKiiC2KILYqoCKtgIsoKilgpKWCgIsoLUogpKWCgEqoFCgIogoAAKAAAAABQAAAAAsA9Ny9fJ83yQ15gFEURRFEAAAAAAAAAAAEAAAAFEVUURRFEURRFVFEoAAAAAABQAACVUURRFEURRFVFEACgJVRRFEUQUBFEVbFEABFVFECpRFVAJVRSxYJVRRAqVUUQUlLFgFRRFlqURYBUUsFJRBalEFJVsAlVAqVUAlVAqVUFqUQUlLBSVUCpVQCVbBQEWUCxZQCVbABSUQWgAJVRYBQAAAAAAAUAAACggHp+Xq5fm+QGGwAAAAAAAAAIAAAAAAAAAAAAAKIoiiKIoiqiiKSKIoAACgAAAAEqooiiKIpYqooiiLAAKAiiKIoiygUCKIqosAIqopYBKIqosAtiiLAKilgEqosAtiiLAKilgqKIFSqiwSqixQqLKBYsoCLLUoiygWLKSqgVKqBUqoBKtgpKILUogpKtgAqLFCosoBKtgAEqosAtAAiqgAAAAAoAAAAAAAD1HL1cvznIDXmAAAAAAAAAAAAEAAAAAAAAAAAFEVUURRFEURRFEURVSgAAAAAAFRRFEURRFVFEURRABQCURSxRFVAAJVRRFgCpVRRFgBFWxYARVRYBbFEAlWxYBUUQKlVFglVFigRVQKlVAJVsFRRBalEFRSwVFEFsWUlEFqUQWpVQCVbAJVQWpRBSUsFJRBaFRYBSUsFAAJVQKAFAAAJRFlAAAAAAAAAeo5url+c5Aa8woAAIAAAAAlAAAAAAAAAAAAAAEAAFIoiiKIoiiKqKIoAASiUAoAACUIoiqiiKIoiiLALQAIoiqiiKIBKqKWKIBKqKIsAWKqLACKtiwCoogVKqLBKqKWAiqgVKqLBKIstAiygWLKSiLLUqosEq2ASrYBKqC2LBKqBUqoLUogpKWCkqoFiygEq2CkogtAiygEq2LAAKSiLALQAAAoCAKIogAAAAAPU8vVzfO8eK15xRFEURRFEURRFEURRFEURRFEVEURRFEUSgAAAAAAAAURVRRFEURRFJFEURVAAAAAABQAEURRFLFVFgAAlEVUURRFgFsURRABUUsWAVFEWALFVFgFRSwEVUWKlVFgBFWwEVUCpRBUUsFRRBbFEFRVsBFlAsWUlEFqVUCxZQEWWpVQKlVAJVsFJYBbFgFRZaAlVAoVFgFAsWUAAFRYAoAUAAAABFVFEoRRFEUeo5url+c44a8wAAAAAAACiKIoiiKIoiiKIoiiKIpJQAAAAAAAFIoiiKIoiiKIqgAAAAAAAoAAACKIqooiiLAAKSiKIpYogpKIoiwC2KIogpKIpYKiiLALYogIq2ASqiwBYqoCKtgIqoFiykoixUqosEq2LKSlgpKILYsEqostSiC2LAKiy1KILUqoBKtgIsoFiygqLFCkogtAiygAtSiACgEoiygUAAAKAAAAAAA9TzdPN87xg15gAAAAAAAAABAABRFEURRFEURRFEURQAAAACAACkURVRRFEUAAAAAABQAAAACURVRRFEURYBaAlEURRFlARSxZQCURRBalEUQVFLFglVFEFsUQEVbFglEWUlLFlJRFlqURZalEFRSwEWUFsWCVUWKlVAsWUFRYqVUFqUQVFipVQWpRBUWKFRZQLFlARZaAlVAoVFgFAJVsAAFAJRFgChQAAAAAAAHquXq5vneMGvMAABKAAAAAAAAAAQAAAAAoiiKIoigAAAAAAAUiiKIpIolAAAAKAAAAAAACkoiiKWKIqoAACKIqoogVKIqoBKIq2ASiKILYoiykoixQqKIFiqgEoiy1KIspKWCopYKiwC2LBKqBYqoFiygIstSqgWLKAiy1KqBUsoCLLUqoFSygIstCosAtiwCostASqgUCKqACgWLAKAAASqiwABQAAAAAPVc3VzfPcWK15xRFEURRFEURRFEURRKAAAAAQAAAAAURRFEUgAAAAAABRFEURQAFAAAAAAAgAWgAAJRFEVUURYAAJRFVFLAJRFVFglLFVFgBFWwEURZSUsWAVFLARVQLFVARSwVFEFsWCVUWKlVAqVUlEWWpRBalEFRZalEFqUQVFlqUQWxYBUFqUQWxZQEWWgRZQWxYBUWKFJRBaAlEFABbFEAAFAAARRFEUQUCgAer5unm+d4oa8wAAAAAAABSKIoiiKSUAAAAAAAABSKIoiiKAAAAAQAoiiKIoAAAAAACgAAAAAAIqooiiKIsAUKiiKIsAqKIsUCKqLAFiqgIoiy1KIsEq2KIKilgIqoFiwSqixUqoBKtgIq2AiykpYKixUqoFSqgqLFSqgVLKCoFSqgtiwSqgVKqC2LAKixQqC0CCgIstASqgUKSiACgAWKqAAAACgAAAIsAPV8/TzfPcUNeYAAAAAAAAAAApFEURRFEURQAAEAAgApFEURQAAAAAKRRFEUkoAABQAAAAAAAAAUlEURSxRFEFAJRFEUQWpRFEFRRFigRVQCVbFglEWWpRFgFsUQEWWpRFlJSwEVbARZQLFlJRBbFglWwEWWpVQKlVARZalVAsWUlLBSWUCxZSUsFRZQLFlBbAJVQKlVABUWKFJRBQKBFlABQKBFEAFAAAAAAAer5unn+f4sVrziiKIoiiKIoiiUAAAgAEAFIoiiKIolAAAAAAAUiiKSUAAAABSKIoigAAAAAAEAAAACgUCKIoiiKIsoBKIoirYBKIogtSiKIKilgIqoBKWLKSiLFCosEpYspKILYogtiwSiLLUogtiwSqgWLKSrYCLLUogtSiCostSiC2LBKtgqLALYKSlgqLKBYKSlgpKILUqoAKixQAqLALQIogoAAFCooiwAAAAAA9ZzdPN8/xQ15AAAAACkURRFEUSgAAAAAAKRRFEURSSgEAAACkURRKAAAIAKRRFEoAAAAAABQAAAAACURRFVFEWAKBFVFEAlEVbAJRFlAsUQVFLAJRFlJSxYJVRYqVUCxRBUWKlVFglWwEVbJRFlRYqVUCxZSUsFRYqVUCpZSVUCxZSVbAJZaBFlJVsBFloVFipVQCVbBSUQWgRZQEWWgARVQKFARYABQAAKAlEURVQAHrOfo5/n+IGvMAAAAAAAAAAAoiiKJRAgAAAAAoiiKIoAABACiKJQAAAAKIoiklICgAAAAAAAAAAApKIoiliiACooiiASrYogIoiy0CLALYogIqoFSiLKSlgIq2AiykpYCKtgIspKWLKSlgqLBKtkogtiwSrYCLLUqoFiykogtiykpYKiy1KILUqoCLLUqoFSqgEq2ASqgVKqACopYKASiCgUAKiiAAAACgAUAD1nN08/A4kVrziiKIoiiKSUAAAgAAAAAUiiKAAAAAQAoiiKJSAAACiKJRAAAACiKIoiiUAAAAAAQAALQAAIoiiLAKAiiKWCkoiwBYqosEoixQqKIFiqgIpYKiiBYspKIstSiC2LBKqLFSiC2LBKtgIspKWSqgWLKSrYCLLUogtiykpYKiwSrYKixUqoLYsAqC1KILUogqLLQEsoFSqgAEq2ACgIogtAAAiiLKAAAAAA9Zz9HPweIGrMAAAAAAUiiKIoiiUAAAAQAoiiUAgAAAAoiiUQAAAoiiUgKACQAoiiKIolAKAAAAAAAAASiKIoiygAVKIsApKIsUKiiASliykoixUqosEpYspKIsVKqLBKtgIsVKqASrYCLLUogtiwSrYCLKSlkqoFiykpYKixUqoLYsEq2CosEstSqgVKqC2LBKtgEqoLYsAqLFCosAtSiLKASrYAAAKiiBQoAACKIAAAD1vP0c/B4ga8wAAAAAAAAQAAAAoigIAAAAKIpAAAACiKJSAAAQUiiKAAABSKIoiiKSKJQAAAAAAAASqiiKWLAACKIsoFiiLKAilgEqosEpYKSiBUqoBKWCopYCLKSlgqKWCosEpYKixUqoFiykpYKgWLKSlgqLBLLQqBUsoFgpLLUogtiykpYKiygWCkq2ASygWLKCoFCosAtAiwCgWKIKAASqgAUAAAKAAA9Zz9HPweIGvIoiiKIoiiKIoigIAAAAAAFIolEAAAAFIoCAAAQUigAAAAoipJQAAAKIoiiKIoAAAACgAEoiiKIogAAqKIFAiqiwBYogqKIFiqgWKIKilgIsoFiwSqgVKqBYsEqoFiykpYKixUqoFiwSy1KILYsEstSqgWLKSiC2LKSlgqC1LBKtgpLFCospKWCostAiygWCkpYKAiygUKiwACkpYAKAAiiAC0AAAAD1vP0c/C4YaswAAAAAAABSKIoiiKJRAAABSKIqAAAAQUiiUAAAColEAAAFIoigAAEAKIoiiKJQAAlABKIoiiKIsoAFSiKIBKqKWASiKqBYogqKWAiygWLBKqLFSiC2KICLLUogtiwSqgWLBKtgIstSiSrYCLLUogtgIstSiC2LKSlgqC2LBKtgqLBKtgqLFCoFSygqBUqoLUogpKWCgIsoFAiygAEq2AAACkoiwAAABQPW8/R8OFw4rXnFEURRFEUkoAAAAAAAAFEVAAAIAKRRKAAAABRKSAACkUSgAACCkVEoAAACkURRFEUkURRFEVUURSxRAAARRFlAqURYBSURYoEVUCxYJVRYqUQVFLARZalEWCVbARZalECxZSUQWxYJZalEFsWCUsFQLFlJSwVFlqWAWwVFipZQWwEWWpRBallAQWpZQLFlJVsAllAsWUFJSwAVFgFoEWAUAlLFlAAAAAJRFVFEUes+HRz8LiBryAAAAAAAAAFIoioAAABBSKAAAAACoikAAAAKAAAQqIolAAAAoikAAAAAFIoiiKIoiiKIogAAEqoogUCKIsoFiiLBKqLFSiLKSlgIstAiwSrYBKILYsEq2AixUqoFiykpZKIKixUqoFiyksVKqBYspLFSqgtiwSrYCC2LKSlgqC1LALYspKWCospKWCkstAiykpYKASy0AKiwBQqLAKABYsAAoAAAAAD1vP0c/D4Ya8yiKIoiiKiKAAAAAAQAAolAAAAUiolEAAAFIolAAEFiKAAACiKQAAAWIolAAAEAAAAACgAAAUCKIogEqopYBKIogpKWAirYCLBKtiwSiC2KIFiykogtiwSlgqLFSiC2LCLLUogtiwSrZKIFiyksUKgtiwSrYCC2LKSxUqoLYsEstCosEq2CosVKqC2LAKgVKqC1KIKAiy0ACLKBQqLAAALYogAAAAAAr1vw+/w4fDDVmAAAAACAAAAFEUSgAAAAKSkgAAApFAAAILEUAAAFEogAAsRRKAAIKRRFEoAAAAAAAAAAJRFEURYBalEWAEVUCgRYJVsWCUQWxRAsWUlEWKlVAsWUlECxZSUsBFlqWCVbARZalECwVFipZSUsFRYqVUCxZSWWpRJVsFQKllJVsFQKlVAsWUlWwEWUlWwCWWgRZQWpYBQLBQCUQWgARZQAAKlEVUAAAAB67n6OficMNWQAAAApFEoAAAAAAAAFSAAACkUAAAgBUAAACkUgAAQUSgACCkUAABBRFJFAAAAAAUAAlEURSxYAJRFgFJSxYARZaBFgFsWCURYqVUBFloEWKllAsAlloEFJYqUQWxYJSwVAsWUlLBUCxZSUsFQLFlJSwVBbFgllqVbAQWxZSWWgRZSVbARZalEFsWUBBalVAoVABSUsAFJRAoUAlEAFAoEURRLAAB674ff4cThhryAAAAAAAAAAAAKiUQAAAUlAAEAFiUAAABSUQAIKJQABACgAAIFIpAAAAACiKIoiiKIoiiKIogAAIq2ASiLAFSqgEogtiiBYsoCLFSqgWLBKqBYspKWAiy1KIFiyksUKgIsVKqBYKixUq2AgqLFSy0CC2LBLLUqoFgqLLUspKWCostSiC2LKSlgqLKSlgpLFCksoFSqgAqLFACksAUAKgAAoAFAAAA9b8Pv8OJwg15gAAAAAAAFRKIAAAAAUSgACAFQAAAAUSiAACwACAFEoAABBRKIAAKRQAAAEgApFEVUURRFEAACxRAARVsAlEAlWwCUQWpRARSwVFipVQLFglVAsAlloEFsWCUsFRYqWUCwEWWpYBbARYqWUlWwEFqWCVbAQWxZUWWpSwVBbFlJSwVFglWwVFipVQWxYBUWKFQUCxZQALFlABUWAKAlVAAAAABQAHrfh0c/E4Ya8wACoiiKSUAAAAAABSKAAAQAqAAAACkAAACFAAEFAAAgUlEAAAFJQACQUiiKAAAAAAAAAAIoiygWKIACLLQIsEpYspKIFSqgIsVKqBYspKWAiy1KIFiykogtgEstSiBYspLFSiC2LBLLUogWCostSxQqBYspLLUsEq2CosVLKSrYKixUqoLYsEq2CosEq2ASrYKSiC0CCgEsUKASwC0ACLKAAAAAAA9dz9Hw4vDDVkAAAAAAAAAAKSgAACAFQAAAAAogAAsSgACAKAAQKSiAACkUABIAKSgAAAKRRFJKAAEURRFEWKAAlEWUCxYARVQLFgCxZSUQKlVAsWCVUCxZSUsBBalglLBUWKllAsFRYqUQWwEWKlVAsFRYqWCVbBUCxZSWKlVBbAsWUlloVAsWUlWwEFJZaBBallAsWUFRYoVFgFqWAUCwAUBFgFoAEUQUAAAAB674ff4cXhhqyAAAAAAAKIolAAAEAFiUAAAABQEAAFgAAEFAAAgpAAAFAAJACgAAAUlEAACAAAAAAAAEqopYACLAKSlgEqoFiwBYsoCBUsoFgEstSiCosVKILYBLFSqgWLKSxQqBYsEq2AgWLKSxUqoFgIstSy1KILYKixUspLLQqBYspLLQILUsoFgpLLQILUsoBKtgEsoFCoAKSxQApKIALQAEogAAAAPXfD7/DjcMNWQAAAACgAAAACABBQAAAAAogAAAsAAAgoAALEogAAoAAEgoAAAKSiABAAApFEUAJRFEURRFEAAlVFigRRAJVsAlgFsWALAJZQLBSWKFQKlglWwEWKlVAsFRYqUQWxYJZalECxZSWKlEFsBFlqWCVbAQWwVFipZalVBbARZallAsFJZaBBallAQWpZQLBQEFqVUChUWAAWwAAUlgCgBQAEURYAAeu+H3+HF4Ya8gCiKAAAAAAQAWJQAAAAAFJRAAAgUAABBQAAIUQAAoACQAUAAAUQAIAAAKAAAQAAAAAAFSiACosUBKIBLLQIsUKgEsUKgVLALYBLLQICLLUogWLKSlgqBYsEq2AgtiwSxQqBYKSxUsUKgWCostSwSrYKgWC2LKSy1KILYspKWCospKWCostAgtSygIstAiygVKqAASy0AAKgAUAKAAAAA9d8Pv8OLwg15gAAAAAAgAsSgAAAAAAKgAAAQUAAAgCgAELKgACgAEgCgAAAogQAAKSgAACAFAAACURRFEWACUsWACVUCxYBbFglECpZQLBSWALBSWKBBalgCwVFipVQLAJZalgFsAlipZQLBUCpYJZaBBbAqWUlipVQWwEFsWUllqWKFQUlihUFqWAWwUlihUFqWAUlihSWAWgRZQAWwAACVUACgAABQAHrvh9/hxeEGvMAAAEAAAKgAAAAAABZUAAACFAAAEAUAAgUBABQAJAFAAABRAgABQABAABSUAgAAAAAAKiwABYsAIstAgEq2ASxQqASxQqBUsAtgEsUKgEstSwBYLYsEstAgWCksUKgWASy1LALYCC2ASy1KILYFiykstSykpYKgtSwC2CoLUsAtiykpYKgoFgpKWCgIKBUsoACLLQAAEqoAFAAAAA9d8Pv8ONwg15gAgAAACkAAAAAAAAKIAAEKAAAIAKAABFCAAKAASAUAACiBAACygAIAKSgEAAAAAAAAAJVQACWKAllAsWAWwCUQWxYAsFJYoEFRYqUQWwCWWpRAsFJYqVUCwCWWgQLFlJYqWUlLBbAQWxYJZaBBbAJZallqUQWwVBalgFsFJYoVBalgFQWpYBbABbABUAFqWAUAlloAAAUlgCgAAAAeu+H3+HG4Qa8wQAAABSAAAAAAAABQEAACKAAEAAUAAhZUAAFAAAkWUAAWVAAgAUABABQAIAAAAAAAAAACosAAWASqgVLALYsAIFSygWASygWCksUCC1LBLFCoFiyksUCC1LBKtgIFSyksUKgWC2Aiy1LBLLQILYBLLUstAgtgpLFSygtgpLFCoLUsAqC1LALUALYAKgAtSwCgEpYKAAASygUAAAAD13w+/w43CDXkAAAALAAAAAAAAACiAAALLAAAIAoAABFCAALKABIAoAAKIAEAUAAIBQABAAABRFJFEURSwAACWUACwAVAqWACWWgQKlVARYqVUCxYJVsBBalgCwVAqWUCwEWWpYBbAJYqWUCwVAsFJYqWKllAsFQWpYJZallAsFsWUlipVQWwCWWhUCpZQVAqWUFqWAVAoUlgFqUQUACwUAAAllAoAAAAHrvh38HJ4IaMwAABYAAAAAAAAAAoQAABZYAABFlAAAhZUAAAoAAkAoAAKECAFlAAQBZQAIAAAUQAAAABLAFACoAFgAqBQIBLLQEsUKgEsUKgVLALYBLLUsAWCksVKILYBLLQIFgpLFSygWCoFiwSy1LFSqgWCoLUsEstSqgWCkstSxQqC2LBLLQqASy0KgVLKC1LAKgUKSwC0CACgVLAKAASiC0AAAddx5n6A9HK6csy4/8jy7QAAAAAAAAAAAKAAAAAIABKAAAAACgAAAAAoAAQIAUAAAAAKAAAAAAAAAAAAAAAABAAAQAApBQAEAACBQpAAAgAWAAgoBABUABCgEFAQAEALUABABUKAQAIFCoACAC1AAQApBQAIKAQAAtgAAEAKAAAQUAAAKAAAgAL6Mz8/YNnk//9oACAECAAEFAPV9NHpS26Bt0DboG3QNugbdA26Bt0DboG3QNugbdA26Bt0DboG3QNugbdA26Bt0DboG3QNugbdA26Bt0DboG3QNugbdA26Bt0DboG3QNugbdA26Bt0DboG3QNugbdA26Bt0DboG3QNugbdA26Bt0DboG3QNugbdA26Bt0DboG3QNugbdA26Bt0DboG3QNugbdA26Bt0DboG3QNugbdA26Bt0DboG3QNugbdA26Bt0DboG3QNugbdA26Bt0DboG3QNugbdA26Bt0DboG3QNugbdA26Bt0DboG3QNugbdA26Bt0DboG3QNugbdA26Bt0DboG3QNugbdA26Bt0DboG3QNugbdA26Bt0DboG3QNugbdA26Bt0DboG3QNugbdA26Bt0DboG3QNsgbZA2yBtkBT00Ovp/5vsCOlA5HSgcjpQOR0oHI6UDkdKByOlA5HSgcjpQOR0oHI6UDkdKByOlA5HSgcjpQOR0oHI6UDkdKByOlA5HSgcjpQOR0oHI6UDkdKByOlA5HSgcjpQOR0oHJaUDktOByWnA5LTgclpwOS04HJacDktOByWnA5LTgclpwOT04HJ6cDk9OByfZA5Psgcn2QOT7IHJ9kDk+yB3R2QO6OyB3R2QO6O2B3R2wO6O2B3R2wO6e2B3T2wO6e2B3T2wO6fyB3T+QO4fkDuH5A7h+QO4fkDuH5A7h/6tcYH8f2B3H9gdx/YHcf2B3H9gd1fsDurugd1d0Durugd1d0Duvugd190Duvugd198Duvvgd198DlO+BynfA5Tvgcp3wOU74HKakDlNSByupA5XUgcrqQOV1IHK6kDldSByupA5XVgctqwOW1YHLasDltWBy2rA5bVgctqwOW1YHLasDltWBy2rA5bVgctqwOW1YHL6sDl9WBy+tA5fWgcvrQOX1oHL60Dl9aBy+tA5fWgcvrQOX1oHL60Dl9aBy+tA5fWgcvrQOX1oHL60Dl9aBy+tA5fWgd7afV0LwM4cOPHjtuJ7P5Azo/T/9oACAEDAAEFAOnp4cuXA5cDlwOXA5cDlwOXA5cDlwOXA5cDlwOXA5cDlwOXA5cDlwOXA5cDlwOXA5cDlwOXA5cDlwOXA5cDlwOXA5cDlwOXA5cDlwOXA5cDlwOXA5cDlwOXA5cDlwOXA/ngfzwP54H89J/PSfz0n89J/PSfz0n8dJ/HSfx0n8dJ/HSfx0n8dB/HQfx0H8dB4+g8fQePoPH0Hj6Dx9B4+g8fQePoPGmeNM8aZ4kzxJniTPEmeJM8SZ4kzxJniTPEmeJM8SZ4kzxJniTPEmeJI8KR4UjwpHhSPCkeFI8KR4UjwpHhSPCkeFI8KR4UjwpHhSPCkeFI8KR4UjwpHhSPCkeFI8KR4UjwpHhSPCkeFI8KR4UjwpHhSPCkeFI8KR4UjwpHhSPCkeFI8KR4UjwpHhSOv1kurp2Kxw/IHcPyB3D8gdw/IHcPyB3D8gdw/IHcPyB3D8gdw/IHcPyB3D8gd0/kDun8gd0/kDun8gd09sDuntgd09sDuntgd09sDuntgd0dsDujtgd0dsDujtgd0dsDujsgd0dkDujsgd0dkDk+yByfZA5Psgcn2QOT7IHJ9kDk9OByenA5LTgclpwOS04HJacDktOByWnA5LTgclpwOS0oHI6UDkdKByOlA5HSgcjpQOR0oHI6UDkdKByOlA5HSgcjpQOR0oHI6UDkdKByGlA5DSgchpQOQ0oHIaUDkNGByGjA5DRgchowOQ0YHIaMDkNGByGjA5DRgchowOQ0YHIaMDkNGByGlA5DSgchpQOQ0oHI6UDkdKByOlA5HSgcjpQOR0oHI6UDkdKByOlA5HSgcjpQOR0oHI6UDkdKByOlA5HSgcjpQOR0oHJaUDktOByWnA5LTgclpwOS04HJacDktOByWnA5LTgclpwOS04HJacDktOByenA5PTgcnpwOT04HJ6cDk+yByfZA5Psgcn2QOT7IHJ9kDk+yByfZA5Psgcn2QOT7IHJ9kDk+yByfZA5Psgcn2QOT7IHJ9kDk+yByXVw6k4GdfX09HT/ANnoE/2Bns9p/9oACAEBAAEFAHt8Ta+hT/UPPX1XM9lzPZcz2XM9lzPZcz2XM9lzPZcz2XM9lzPZcz2XM9lzPZcz2XM9lzPZcz2XK9lyvZcr2XK9lyvZcr2XK9lyvZcr2XK9lyvZcr2XK9lyvZcr2XK9lyvZcr2XK9lyvZcr2XK9lyvZcr2XK9lyvZcr2XK9lyvZcr2XK9lyvZcr2XK9lyvZcr2XK9lyvZcr2XK9lyvZcr2XK9lyvZcr2XK9lyvZcr2XK9lyvZcr2XK9lyvZcr2XK9lyvRcr2XK9lyvZcr2XK9lyvZcr2XK9lyvZcr2XK9lyvZcr2XK9lyvZcr2XK9lyvZcr2XK9lyvZcr2XK9lyvZcr2XK9lyvZcr2XK9lyvZcr2XK9lyvZcr2XK9lyvZcr2XM9lzPZcz2XM9lzPZcz2XM9lzPZcz2XM9lzPZcz2XM9lzPZcz2XM9lzPZcz2XM9lzPZcz2XM9lzPZcz2XM9lzPhcz2XM+FzPhcz4XM+FzPhcz4XM+FzPhcz4XM+FzPhcz4XO+FzPhc74XO+Fzvhc74XO+Fzvhc74XO+Fzvhc74XO+Fzvhc74XO+Fzvhc74XO+Fzvhc74XO+Fzvhc74XO+Fzvhc74XO+Fzvhc74XO+Fzvhc74XO+Fzvhc74XO+Fzvhc74XO+Fzvhc74XO+Fzvhc74XO+FzvhdD4XO+Fzvhc74XQ+F0PpdD6XQ+l0PpdD6XQ+l0PpdD6XQ+l0PpdD6XQ+l0PpdD6XQ+l0PpdD6XQ+l0PpdD6XQ+l0PpdD6XQ+l0PpdD6XQ+l0PpdD6XQ+l0PpdD6XQ+l0PpdD6XQ+l0PpdD6XQ+l0PpdD6XQ+l0PpdD6XQ+l0PpdD6XQ+l0PpdD6XQ+l0PpdD6XQ+l0PpdD6XQ+l0PpdD6XQ+l0PpdD6XQ+l0PpdD6XQ+l0PpdD6XQ+l0PpdD6XQ+l0PpdD6XQ+l0PpdD6XQ+nD/UvvDiy/6zq9hc/wBCp1KPEjd2e4PtXkcfavI4+1eRx9q8jj7V5HH2ryOPtXkcfavI4+1eRx9q8jj7V5HH2ryOPtXkcfavI4+1eRx9q8jj7V5HH2ryOPtXkcfavI4+1eRx9q8jj7V5HH2ryOPtXkcfavI4+1eRx9q8jj7V5HH2ryOPtXkcfavI4+1eRx9q8jj7V5HH2ryOPtYkcfaxI4/ViRx9rEjj9WJHH6sSOP1YkcfqxI4/ViRx+rEjj9WJHH6sSOP1YkcfqxI4/ViRx+rEjj9WJHH6sSOP1YkcfqxI4/ViRx+rEjj9WJHH6sSOP1YkcfqxI4/ViRx+rEjj9WJHH6sSOP1YkcfqxI4/ViRx+rEjj9WJHH6sSOP1YkcfqxI4/ViRx+rEjj9WJHH6sSOP1YkcfqxI4/ViRx+rEjj9WJHH6sSOP1YkcfqxI4/ViRx+rEjj9WJHH6sSOP1YkcfqxI4/ViRx+rEjj9WJHH6sSOP1YkcfqxI4/ViRx+rEjj9WJHH6sSOP1YkcfqxI4/ViRx+rEjj9WJHH6sSOPtXkcfavI4+1eRx9q8jj7V5HH2ryOPtXkcfavI4+1eRx9q8jj7V5HH2ryOPtXkcfavI4+1eRx9q8jj7V5HH2ryOPtXkcfKvI4+VeRx8q8jj5V5HHyrSOPlWkcfKtI4+VaRx8q0jj5VpHHyrSOPlWkcfKtI4+VaRx7q0jj3VpHHurSOPdWkce6tI491aRx7qsjj3VZHHuqyOPdVkce6rI491WRx6qsjj1VZHHqqyOPVVkceqrI49VWRx6qsjj1VZHHqqSOPNUkceapI481SRx5qkjjzVJHHmqSOPNUkceapI481SRx4qkjjxU5HHipyOPFTkceKnI48VORx4qcjjxU5HHepyOO9Tkcd6nI471KRx3qUjjvUpHHepSOO9SkcdqlI47VKRx2qUjjtUpHHapSOO1RkcdqjI47VGRx1qMjjrUZHHWoyOOtRkcdajI461GRx1qEjjpUJHHSoSOOlQkcdKhI46VCRx0qEjjpUJHHOoSOOf3yOOf3yOOf3yOOf3yOOf3yOOf3yOOX3yOOX3yOOX3SOOX3SOOX3SOOX3SOOX3SOOP3SOOP3SOOP3SOOP3SOOP3SOOP2yOOP2yOOP2yOOH2yOOH2yOOH2yOOH2yOOH2yOOH2yOOH2yOOH2yOOH2SOe/wDZI57/ANkjnv8A2SOe/wDZI57/ANkjnv8A2SOe/wDZI57/ANkjnv8A2SOe/wDZI5732SOe99kjnvfXI5731yOe99cjnvfXI5731yOe99cjnvfXI5731yOe99cjnvfXI5731yOe99cjnvfXI5731yOe79cjnu/XI57v1yOe79cjnu/XI57v1yOe79Ujnu/VI57v1SOe79Ujnu/VI57v1SOe79Ujnu/VI57v1SN+JUc/W6+CkjTa3LOHs/8AN9I4/in8/wBZZlmWZZlmWZZlmWZZlmWZZlmWZZlmWZZlmWYDAYDAYDAYDAYDAYDAYDAYDAYDAYDAYDAYDAYDAYDAYDAYDAYDAYDAYDAYDAYDAYDAYDAYDAYDAYDAYDAYDAYDAYDAYDAYDAYDAYDAYDAYDAYDAYDAYDAYDAYDAYDAYDAYDAYDAYDAYDAYDAYDAYDAYDAYDAYDAYDAYDAYDAYDAYDAYDAYDAYDAYDAYDAYDAYDAYDLMsyzLMsyzLMsyzLMsyzLMsyzLMsyzLMsyzLMsyzLMsyzLMoyjKMoyjKMoyjKMoyjKMoyjKMoyjKMoyjKMoyjKMoyTJMkyTJMkyTJMkyTJMkyTJMkyTJMkyTJMkyTJMkyTJMgyDIMgyDIMgyDIMgyDIMgyDIMgyDIMgyDIMgyDIMgyDIMgyDIMgyDIMgyDIMgyDIMgyDIMgyDIMgyDIMg4eDm1/If/9oACAECAgY/AGq5jXuc1HKrk/nqasViGrFYhqxWIasViGrFYhqxWIasViGrFYhqxWIasViGrFYhqxWIasViGrFYhqxWIasViGrFYhqx2IasdiGrHYhqx2IasdiGrHYhqx2IasdiGrHYhqx2IasdiGrHYhqx2IasdiGrHYhqx2IasdiGrHYhqx2IasdiGrHYhqx2IasdiGrHYhqx2IasdiGrHYhqx2IasdiGrHYhqx2IasdiGrHYhqx2IasdiGrHYhqx2IasdiGrHYhqx2IasdiGrHYhqx2IasdiGrHYhqx2IasdiGrHYhqx2IasdiGrHYhqx2IasdiGrHYhqx2IasdiGrHYhqx2IasdiGrHYhqx2IasdiGrHYhqx2IasdiGrHYhqx2IasdiGrHYhqx2IasdiGrHYhqx2IasdiGrHYhqx2IasdiGrHYhqx2IasdiGrHYhqx2IasdiGrHYhqx2IasdiGrHYhqx2IasdiGrHYhqx2IasdiGrFYhqxWIasViGrFYhqxWIasViGrFYhqxWIasViGrFYhqxWIasViGrFYhqxWIasViGrFYhqxWIasViGrFYhqxWIasViGrFYhqxWIasViGrFYhqxWIasViGrFYhqxWIasViGrFYgrf8GsX+ytT+FT6P8Ax+zHQ2UD8dDZQPx0NlA/HQ2UD8dDZQPx0NlA/HQ2UD8dDZQPx0NlA/HQ2UD8dDZQPx0NlA/HQ2UD8dDZQPx0NlA/HQ2UD8dDZQPx0NlA/HQ2UD8dDZQPx0NlA/HQ2UD2UNlA9lDZQPZQ2UD2UNlA9lDZQPZQ2UD2UNlA9lDZQPZQ2UD2UNlA9lDZQPZQ2UD2UNlA9lDZQPZQ2UD2UNlA9lLZQPZSkoHspSUD2UpKB7KUge2lIHtpSB7aUge2lIHtpSB7aUge2lIHtpSB7aUge2lIHt+Ege34SB6fCQPT4SB6fCQPT4genxA9PiB6fED0gekD0/4ZZYHrA9fmB6/MD1+YHr8wPX5WB6/KwPX5WB7vlYHu+Vge6pYHuqWB7qlge6pYHuqWB7qlge6pYHuqWB76lge+pZwPfUs4HvrdOB763Tge+t04HvrdOB763Tge+t04HvrdOB763Tge+t04HvrdOB763TgfkrdOB+St04H5K3TgfkrdOB+St04H5K3TgfkrdOB+St04H5K3TgfkrdOB+T9HTgfk/R04H5P0dOB+T9HTgfk/R04H5P0dOB+T9HTgfk/R04H5P0dOB+T9HTgfk/R04H5P0dOB+T9HTgfk/R04H5P0dOB+T9HTgfk/R04H5P0dOB+T9HTgfk/R04H5P0dOB+T9HTgfk/R04H5Ecn8fy9XJ/qir/wAlgb/Cf3O5BNH/ALun/Y4BwDgHAOAcA4BwD15689eevPXnrz15689eevPXnrz15689eevPXnrz15689eevPXnrz15689eeuPXHrj1x649ceuPXHrj1x649ceuPXHrj1x649ceuPXHrj1x649ceuPXHrj1x649ceuPXHrz15689eevPXnrz15684BwDgHAOAcA4BwDgHBOCcE4JwTgnBOEcI4RwjhHCOEcM4ZwzhnDOGcQ4hxDiHFOKcU4pxTjHGOMcY4xxzjnHOOcc8B4DwHgPAeA8B4DwnhPCeE8J4TwnhPH/ALf6f//aAAgBAwIGPwA6IdEOiHRDoh0Q6IdEOh0Oh0Oh0Oh0Oh0Oh0Oh0Oh0Oh0Oh0Oh0Oh0Oh0Oh0Oh0Oh0Oh0OiHRDoh0Q6IdEOiHRDoh0T6OifR0T6OifR2p9Han0dqfR2t+jtb9Ha36O1v0drfo7W/R2t+jtb9Ha36O1v0drfo7W/R2t+jtb9Ha36Oxv0djfo7G/SHY36Q7G/SHY36Q7GWodjLUOxlqHYy1DsZah2MtQ7GWodjLUOxlqHYy1DsZah2MtQ7GWodjLUOxlqHYy1DsZah2MtQ7GWodjLUOxlqHYy1DsZah2MtQ1stQ1stQ1stQ1stQ1stQ1stQ1stQ1stQ1stQ1stQ1stQ1stQ1stQ1stQ1stQ1stQ1stQ1stQ1stQ1stQ1stQ1stQ1stQ1stQ1stQ1stQ1stQ1stQ1stQ1stQ1stQ1stQ1stQ1stQ1stQ1stQ1stQVP8Gt/wBWp/B/b7EgekD0gekD0gekD0gekD0+IHp8QPT4genxA9PiB6fED0+IHp8QPT4genxA9PhIHp8JA9PhIHp8JA9vwkD2/CQPb8JA9tKQPbSkD20pA9tKQPbSkD20pA9tKQPbSkD20pA9tKQPbSkD2UpA9lKSgeylJQPZSkoHsobKB7KGygeyhsoHsobKB7KGygeyhsoHsobKB7KGygeyhsoHsobKB7KGygfjobKB+OhsoH46GygfjobKB+OhsoH46GygfjobKB+OhsoH46GygfjobKB+OhsoH4/zbKB+P82ygfj/ADbKB+P82ygfj/NsoH4/zbKB+P8ANsoH4/zbKB+P82ygfj/NsoH4/wA2ygfj/NsoH4/zbKB+P82ygfj/ADbKB+P82ygfj/NsoH4/zbKB+P8ANsoH4/zbKB+P82ygfj/NsoH46GygfjobKB+OhsoH46GygfjobKB+OhsoH46GygfjobKB+OhsoH46GygfjobKB+OhsoH46GygfjobKB7KGygeyhsoHsobKB7KGygeyhsoHsobKB7KGygeyhsoHsobKB7KGygeyhsoHsobKB7KGygeyhsoHsobKB7KGygeyhsoHspSUD2UpKB7KUlA9lKSgeylJQPZSkD2UpA9tKQPbSkD20pA9tKQPbSkD20pA9tKQPbSkD20pA9tKQPbSkD20pA9tKQPbSkD20pA9tKQPbSkD20pA9qp/wBESBqvcv8Ai1qfyqqa3C9/+w5ByDkHIOQcg5ByDkHIOQcg5ByDkHnPOec855zznnPOec855zznnPOec855zznmPMeY8x5jzHmPMeY8x5jzHmPMeY8x5jzHmPMeY8x5jzHmPMeY8x5jzHmPMeY8x5jznnPOec855zznIOQcg5ByDkHIOSck5JyTknJOUco5RyjlHKOWcs5ZyzlnLOYcw5hzDmHNOac05pzTmnOOcc45xzjnHOOec855zznnPOec8557A9gewPYHsD2B7A9gewPYHsD2B7AT/wCrr5+n9P/aAAgBAQEGPwD6/T6/X/MuTHfn6/R7/wBDnfq/m+37R+fqd9S3f8v1+n1/Ezvs8ZKZdAyUy6Bkpl0DJTLoGSmXQMlMugZKZdAyUy6Bkpl0DJTLoGSmXQMlMugZKZdAyUy6Bkpl0DJTLoGSmXQMlMugZKZdAyUy6Bkpl0DJTLoGSmXQMlMugZKZdAyUy6Bkpl0DJTLoGSmXQMlMugZKZdAyUy6Bkpl0DJTLoGSmXQMlMugZKZdAyUy6Bkpl0DJTLoGSmXQMlMugZKZdAyUy6Bkpl0DJTLoGSmXQMlMugZKZdAyUy6Bkpl0DJTLoGSmXQMlMugZKZdAyUy6Bkpl0DJTLoGSmXQMlMugZKZdAyUy6Bkpl0DJTLoGSmXQMlMugZKZdAyUy6Bkpl0DJTLoGSmXQMlMugZKZdAyUy6Bkpl0DJTLoGSmXQMlMugZKZdAyUy6Bkpl0DJTLoGSmXQMlMugZKZdAyUy6Bkpl0DJTLoGSmXQMlMugZKZdAyUy6Bkpl0DJTLoGSmXQMlMugZKZdAyUy6Bkpl0DJTLoGSmXQMlMugZKZdAyUy6Bkpl0DJTLoGSmXQMlMugZKZdAyUy6Bkpl0DJTLoGSmXQMlMugZKZdAyUy6Bkpl0DJTLoGSmXQMlMugZKZdAyUy6Bkpl0DJTLoGSmXQMlMugZKZdAyUy6Bkpl0DJTLoGSmXQMlMugZKZdAyUy6Bkpl0DJTLoGSmXQMlMugZKZdAyUy6Bkpl0DJTLoGSmXQMlMugZKZdAyUy6Bkpl0DJTLoGSmXQMlMugZKZdAyUy6Bkpl0DJTLoGSmXQMlMugZKZdAyUy6Bkpl0DJTLoGSmXQMlMugZKZdAyUy6Bkpl0DJTLoGSmXQMlMugZKZdAyUy6Bkpl0DJTLoGSmXQMlMugZKZdAyUy6Bkpl0DJTLoGSmXQMlMugZKZdAyUy6Bkpl0DJTLoGSmXQMlMugZKZdAyUy6Bkpl0DJTLoGSmXQMlMugZSZdAyky6BlJl0DKTLoGUmXQMpMugZSZdAyky6BlJl0DKTLoGUmXQMpMugZSZdAyky6BlJl0DKTLoGUmXQMpMugZSZdAyky6BlJl0DKTLoGUmXQMpMugZSZdAyky6BlJl0DKTLoGUmXQMpMugZSZdAyky6BlJl0DKTLoGUmXQMpMugZSZdAyky6BlJl0DKTLoGUmXQMpMugZSZdAyky6BlJl0DKTLoGUmXQMpMugZSZdAyky6BlJl0DKTLoGUmXQMpMugZSZdAyky6BlJl0DKTLoGUmXQMpMugZSZdAyky6BlJl0DKTLoGUmXQMpMugZSZdAyky6BlJl0DKTLoGUmXQMpMugZSZdAyky6BlJl0DKTLoGUmXQMpMugZSZdAyky6BlJl0DKTLoGUmXQMpMugZSZdAyky6BlJl0DKTLoDnvufy537Hll/h/wDD6D6Wt/8AX6/X7GP/AJSzvp+h35f+p32+v9/73fw/b/ZdP+37Ps76u/2fX6u+rDn6vt/3/wDqLvsfww7ddj+GHbrsfww7d9j+GHbrsfww7ddj+GHbrsfww7ddj+GHbrsfww7ddj+GHbrsfww7ddj+GHbrsfww7ddj+GHbvsfww7d9j+GHbvsfww7d9j+GHbvsfww7d9j+GHbvsfww7d9j+GHbvsfww7d9j+GHbvsfww7d9j+GHbvsfww7d9j+GHbvsfww7d9j+GHbvsfww7d9j+GHbvsfww7d9j+GHbvsfww7d9j+GHbvsfww7d9j+GHbvsfww7d9j+GHbvsfww7d9j+GHbvsfww7d9j+GHbvsfww7d9j+GHbvsfww7d9j+GHbvsfww7d9j+GHbvsfww7d9j+GHbvsfww7d9j+GHbvsfww7d9j+GHbvsfww7d9j+GHbvsfww7d9j+GHbvsfww7d9j+GHbvsfww7d9j+GHbvsfww7d9j+GHbvsfww7d9j+GHbvsfww7d9j+GHbvsfw5h277H8MO3fY/hh277H8MO3fY/hh277H8MO3fY/hh277H8MO3fY/hh277H8MO3fY/hh277H8MO3fY/hh277H8MO3fY/hh277H8MO3fY/hh277H8MO3fY/hh277H8MO3fY/hh277H8MO3fY/hh277H8MO3fY/hh277H8MO3fY/hh277H8MO3fY/hh277H8MO3fY/hh277H8MO3fY/hh277H8MO3fY/hh277H8MO3fY/hh277H8MO3fY/hh277H8MO3fY/hh277H8MO3fY/hh277H8MO3fY/hh277H8MO3XY/hh26jfww7dRv4Yduo38MO3Ub+GHbqN/DDt1G/hh26jfww7dRv4Yduo38MO3Ub+GHbqN/DDt1G/hh26jfww7dRv4Yduo38MO3Ub+GHbqN/DDt1G/hh26jfww7dRv4Yduo38MO3Ub+GHbqN/DDt1G/hh26jfww7dRv4Yduo38MO3Ub+GHbqN/DDt1G/hh26j+GHbqP4Yduo38MO3Ub+GHbqP4Yduo/hh26j+GHbmP4YduY/hh25j+GHbmP4YduY/hh25j+GHbmP4YduY/hh25j+GHbmP4YduY/hh25j+GHbmP4YduY/hh25j+GHbmP4YduY/hh25j+GHbmNh25jYduY2HbmNh25jYduY2HbmNh24jYduI2HbiNh24jYduI2HbiNh24jYduI2HbiNh24jYduI2HbiNh24jYduI2HbiNh24jYduI2HbiNh24jYduI2HbiNh0+Nh0+Jh0+Jh0+Jh0+Jh0+Jh0+Jh0+Jh0+Jh0+Jh0+Jh0+Jh0+Jh0+Jh0+Jh0+Jh0+Jh0+Jh0+Jh0+Jh06Jh06Jh06Jh06Jh06Jh06Jh06Jh06Jh06Jh06Jh06Jh06Jh06Jh06Jh06Jh06Jh06Jh06Jh06Jh06Jh06Jh06Jh02Jh02Jh02Jh02Jh02Jh02Jh02Jh02Jh02Jh02Jh02Jh02Jh02Jh02Jh02Jh02Jh02Jh02Jh02Jh02Jh02Jh02Jh02Jh02Jh02Jh02Jh02Jh02Jh02Jh02Jh02Jh02Jh02Jh02Jh02Jh02Jh02Jh02Jh02Jhz+j7fweHn/AFd+fp9v6v8Ape79DDf1JLc930/LnmGfj9H0+v7/APAf6c32/wAQ/wCR+n/5f9383/iNaca041pxrTjWnGtONaca041pxrTjWnGtONaca041pxrTjWnGtONaca041pxrTjWnGtONaca041pxrTjWnGtONaca041pxrTjWnGtONaca041pxrTjWnGtONaca041pxrTjWnGtONaca0415xrzjXnGvONeca8415xrzjXnGvONeca8415xrzjXnGvONeca8415xrzjXnGvONeYa8w15hrzDXmGvMPBMPBMPBMPBMPBMPBMPBMPBMPBMPBMPBMPBMPBMPBMPBMPBMPBMPBMPBMPBMPBMPBMPBMPBMPBMPBMPBMPBMPBMPBMPBMPBMPBMPBMPBMPBMPBMPBMPBMPBMPBMPBMPBMPBMPBMPBMPBMPBMPBMPBMPBMNeYa8w15hrzDXnGvONeca8415xrzjXnGvONeca041pxrTjWnGtONaca041pxrTjWnGtONacas41ZxqzjVnGrONWcas41ZxqzjVnGrONScak41JxqTjUUGooNRQaig1FBqKDTUGmoNNQaag01BpqDTUGmoNNQaag0lBpKDSUGkoNJQaSg0lBpKDSUGioNFQaKg0VBoqDRVGiqNFUaKo0FRoKjQVGgqNBUaCo0FRoKjQVGgqPXqj16o9eqPXqj16o9eqPXqj16o9eqPXqj1yo9cqPXKj1yo9cqPXLD1yw9csPXLD1yw9csPWrD1qw9asPWrD1qw9asPWrD1qw9asPWrD1qw9YsPWLD1iw9YsPWLD1iw9YsPWLD1iw9YsPWLD1iw9YsPWLD1iw9YsPWLD1iw9YsPWLD1iw9YsPWLD1aw9WsPVrD1aw9WsPVrD1aw9WsPVrD1aw9WsPVrB34/8Ay/z/AH/53yHY/wDU/E/0v+P7/wCz/9k="></image></defs></svg></span></a></li><li><a target="_blank" href="https://www.youtube.com/channel/UCBsRC2BjY5V7_tP9U5FXrxA"><span class="dp_i_flex svg_box "><svg width="24" height="24" viewBox="0 0 24 25" fill="none" xmlns="http://www.w3.org/2000/svg"><g clip-path="url(#clip0_1012_91587)"><circle cx="12" cy="12.5" r="12" fill="#FF0000"></circle><path fill-rule="evenodd" clip-rule="evenodd" d="M18.0554 9.06138C17.9027 8.44771 17.4509 7.96367 16.8761 7.79776C15.8368 7.5 11.6667 7.5 11.6667 7.5C11.6667 7.5 7.49869 7.5 6.45722 7.79776C5.88455 7.96138 5.43274 8.44548 5.27789 9.06138C5 10.175 5 12.5 5 12.5C5 12.5 5 14.825 5.27789 15.9386C5.4306 16.5523 5.88241 17.0363 6.45722 17.2022C7.49869 17.5 11.6667 17.5 11.6667 17.5C11.6667 17.5 15.8368 17.5 16.8761 17.2022C17.4488 17.0386 17.9006 16.5545 18.0554 15.9386C18.3333 14.825 18.3333 12.5 18.3333 12.5C18.3333 12.5 18.3333 10.175 18.0554 9.06138Z" fill="white"></path><path fill-rule="evenodd" clip-rule="evenodd" d="M10.3345 14.6433L13.7982 12.5001L10.3345 10.3569V14.6433Z" fill="#FF0000"></path></g><defs><clipPath id="clip0_1012_91587"><rect width="24" height="24" fill="white" transform="translate(0 0.5)"></rect></clipPath></defs></svg></span></a></li></ul></section><section class="footer_business_info"><div class="txt_wrap"><dl class="info_txt_wrap"><dt class="dp_b">(주)미트박스글로벌</dt><dd class="dp_b"><span class="txt_box">서울특별시 강남구 테헤란로 34길 22 | 대표이사 : 김기봉 | 사업자 등록번호 : 129-86-87864</span><a class="ml_4" href="productListPage.do@collectionSeq=11.html#">사업자정보 확인</a></dd><dd class="dp_b"><span class="txt_box">통신판매업신고 : 제 2021-서울강남-04128호</span></dd><dd class="dp_b"><span class="txt_box">NICEPAY 구매안전서비스 : 고객님 안전거래를 위해 현금 결제 시 저희 쇼핑몰이 가입한 에스크로 (구매안전서비스)를 이용하실 수 있습니다.</span><a class="ml_4" href="productListPage.do@collectionSeq=11.html#">가입사실 확인</a></dd><dd class="dp_b"><span class="txt_box">고객센터 : 1644-6689 | E-mail : meatbox@meatbox.co.kr</span></dd></dl><span class="txt_box copy_txt mt_4 dp_b">© MEATBOX All rights reserved</span></div><ul class="mark_wrap"><li class="mark_txt"><p>[인증범위] 미트박스 온라인 축산물 직거래 쇼핑몰
[유효기간] 2023.11.15- 2026.11.14</p></li><li class="mark_icon-1" style="cursor:pointer"><img alt="정보보호_관리체계_인증" loading="lazy" width="45" height="40" decoding="async" data-nimg="1" style="color:transparent" src="https://static-cdn.meatbox.co.kr/public/fstatic/icon/common/img_mark_isms.png"/></li><li class="mark_icon-2" style="cursor:pointer"><img alt="한국소비자대상_마크" loading="lazy" width="58" height="40" decoding="async" data-nimg="1" style="color:transparent" src="https://static-cdn.meatbox.co.kr/public/fstatic/icon/common/img_mark_award.png"/></li></ul></section><section class="footer_copyright"><p class="txt_box">㈜미트박스글로벌의 사전 동의 없이 미트박스 사이트 내 UI, 정보, 콘텐츠의 무단 전재, 복사, 스크랩, 배포를 금합니다.
미트박스는 통신판매중개자이며 통신판매의 당사자가 아닙니다. 따라서 미트박스는 상품 ∙ 거래정보 및 거래에 대하여 책임을 지지 않습니다.</p></section></div></section></footer><ul class="floating_mobile_items"><li style="display:none"><button class="button-to-top" type="button"><span class="dp_i_flex svg_box "><svg xmlns="http://www.w3.org/2000/svg" width="25.455" height="25.455" viewBox="0 0 20 20" fill="none"><path d="M16.4922 8.94393C16.7303 9.19387 16.7206 9.58948 16.4707 9.82755C16.2208 10.0656 15.8251 10.056 15.5871 9.80607L10.625 4.59666V16.875C10.625 17.2202 10.3452 17.5 9.99999 17.5C9.65482 17.5 9.37499 17.2202 9.37499 16.875V4.59637L4.41264 9.80607C4.17457 10.056 3.77895 10.0656 3.52902 9.82755C3.27908 9.58948 3.26946 9.19387 3.50753 8.94393L9.39645 2.76149C9.53063 2.62062 9.70181 2.53731 9.87976 2.51155C9.91867 2.50397 9.95887 2.5 9.99999 2.5C10.0414 2.5 10.0819 2.50403 10.121 2.51171C10.2986 2.53765 10.4694 2.6209 10.6033 2.76149L16.4922 8.94393Z" fill="#858B94"></path></svg></span><span class="txt_box sr-only">위로 이동 버톤</span></button></li></ul><script src="../../_next/static/chunks/webpack-901f7e2d5755a082.js" async=""></script><script>(self.__next_f=self.__next_f||[]).push([0]);self.__next_f.push([2,null])</script><script>self.__next_f.push([1,"1:HL[\"/_next/static/css/5daa461e9f2acd13.css\",\"style\"]\n2:HL[\"/_next/static/css/301e6ae4682e6b6b.css\",\"style\"]\n3:HL[\"/_next/static/css/b7f7e2f11f5ab5a9.css\",\"style\"]\n"])</script><script>self.__next_f.push([1,"4:I[12846,[],\"\"]\n7:I[4707,[],\"\"]\n8:I[36423,[],\"\"]\nb:I[61060,[],\"\"]\nc:[]\n"])</script><script>self.__next_f.push([1,"0:[\"$\",\"$L4\",null,{\"buildId\":\"iXHLJoyozidaUw9PUXu8z\",\"assetPrefix\":\"\",\"urlParts\":[\"\",\"fo\",\"event\",\"productListPage.do?collectionSeq=11\"],\"initialTree\":[\"\",{\"children\":[\"fo\",{\"children\":[\"event\",{\"children\":[\"productListPage.do\",{\"children\":[\"__PAGE__?{\\\"collectionSeq\\\":\\\"11\\\"}\",{}]}]}]}]},\"$undefined\",\"$undefined\",true],\"initialSeedData\":[\"\",{\"children\":[\"fo\",{\"children\":[\"event\",{\"children\":[\"productListPage.do\",{\"children\":[\"__PAGE__\",{},[[\"$L5\",\"$L6\",null],null],null]},[null,[\"$\",\"$L7\",null,{\"parallelRouterKey\":\"children\",\"segmentPath\":[\"children\",\"fo\",\"children\",\"event\",\"children\",\"productListPage.do\",\"children\"],\"error\":\"$undefined\",\"errorStyles\":\"$undefined\",\"errorScripts\":\"$undefined\",\"template\":[\"$\",\"$L8\",null,{}],\"templateStyles\":\"$undefined\",\"templateScripts\":\"$undefined\",\"notFound\":\"$undefined\",\"notFoundStyles\":\"$undefined\"}]],null]},[null,[\"$\",\"$L7\",null,{\"parallelRouterKey\":\"children\",\"segmentPath\":[\"children\",\"fo\",\"children\",\"event\",\"children\"],\"error\":\"$undefined\",\"errorStyles\":\"$undefined\",\"errorScripts\":\"$undefined\",\"template\":[\"$\",\"$L8\",null,{}],\"templateStyles\":\"$undefined\",\"templateScripts\":\"$undefined\",\"notFound\":\"$undefined\",\"notFoundStyles\":\"$undefined\"}]],null]},[null,[\"$\",\"$L7\",null,{\"parallelRouterKey\":\"children\",\"segmentPath\":[\"children\",\"fo\",\"children\"],\"error\":\"$undefined\",\"errorStyles\":\"$undefined\",\"errorScripts\":\"$undefined\",\"template\":[\"$\",\"$L8\",null,{}],\"templateStyles\":\"$undefined\",\"templateScripts\":\"$undefined\",\"notFound\":\"$undefined\",\"notFoundStyles\":\"$undefined\"}]],null]},[[[[\"$\",\"link\",\"0\",{\"rel\":\"stylesheet\",\"href\":\"/_next/static/css/5daa461e9f2acd13.css\",\"precedence\":\"next\",\"crossOrigin\":\"$undefined\"}],[\"$\",\"link\",\"1\",{\"rel\":\"stylesheet\",\"href\":\"/_next/static/css/301e6ae4682e6b6b.css\",\"precedence\":\"next\",\"crossOrigin\":\"$undefined\"}],[\"$\",\"link\",\"2\",{\"rel\":\"stylesheet\",\"href\":\"/_next/static/css/b7f7e2f11f5ab5a9.css\",\"precedence\":\"next\",\"crossOrigin\":\"$undefined\"}]],\"$L9\"],null],null],\"couldBeIntercepted\":false,\"initialHead\":[null,\"$La\"],\"globalErrorComponent\":\"$b\",\"missingSlots\":\"$Wc\"}]\n"])</script><script>self.__next_f.push([1,"a:[[\"$\",\"meta\",\"0\",{\"name\":\"viewport\",\"content\":\"width=device-width, initial-scale=1, minimum-scale=1, maximum-scale=1, viewport-fit=cover, user-scalable=no\"}],[\"$\",\"meta\",\"1\",{\"charSet\":\"utf-8\"}],[\"$\",\"title\",\"2\",{\"children\":\"미트박스 :: 1등 고기 직거래\"}],[\"$\",\"link\",\"3\",{\"rel\":\"icon\",\"href\":\"/fstatic/image/common/favicon.ico\"}]]\n5:null\n"])</script><script>self.__next_f.push([1,"d:I[19896,[\"5501\",\"static/chunks/c16f53c3-776433678eb671f2.js\",\"3010\",\"static/chunks/d16ac788-a1857d47473362f1.js\",\"4705\",\"static/chunks/dc112a36-13217b3351317b65.js\",\"2297\",\"static/chunks/2297-39962a2be67aa286.js\",\"9138\",\"static/chunks/9138-589e2d7f98ecedbf.js\",\"861\",\"static/chunks/861-7f37fd430b9f53a7.js\",\"9640\",\"static/chunks/9640-3542d3445f89d8d5.js\",\"7771\",\"static/chunks/7771-f3794ae85af8b82a.js\",\"1800\",\"static/chunks/1800-029e13f9e34e45a0.js\",\"16\",\"static/chunks/16-7468296d3dd76c87.js\",\"5053\",\"static/chunks/5053-7f0a049cf4747b2f.js\",\"5449\",\"static/chunks/5449-0dc03278953f3fec.js\",\"3930\",\"static/chunks/3930-0eb1775779fefe6e.js\",\"1732\",\"static/chunks/1732-f633fbd17f1e5820.js\",\"3185\",\"static/chunks/app/layout-041988fa387a3ec5.js\"],\"DisableReactDevTool\"]\ne:I[87853,[\"5501\",\"static/chunks/c16f53c3-776433678eb671f2.js\",\"3010\",\"static/chunks/d16ac788-a1857d47473362f1.js\",\"4705\",\"static/chunks/dc112a36-13217b3351317b65.js\",\"2297\",\"static/chunks/2297-39962a2be67aa286.js\",\"9138\",\"static/chunks/9138-589e2d7f98ecedbf.js\",\"861\",\"static/chunks/861-7f37fd430b9f53a7.js\",\"9640\",\"static/chunks/9640-3542d3445f89d8d5.js\",\"7771\",\"static/chunks/7771-f3794ae85af8b82a.js\",\"1800\",\"static/chunks/1800-029e13f9e34e45a0.js\",\"16\",\"static/chunks/16-7468296d3dd76c87.js\",\"5053\",\"static/chunks/5053-7f0a049cf4747b2f.js\",\"5449\",\"static/chunks/5449-0dc03278953f3fec.js\",\"3930\",\"static/chunks/3930-0eb1775779fefe6e.js\",\"1732\",\"static/chunks/1732-f633fbd17f1e5820.js\",\"3185\",\"static/chunks/app/layout-041988fa387a3ec5.js\"],\"default\"]\nf:I[3502,[\"5501\",\"static/chunks/c16f53c3-776433678eb671f2.js\",\"3010\",\"static/chunks/d16ac788-a1857d47473362f1.js\",\"4705\",\"static/chunks/dc112a36-13217b3351317b65.js\",\"2297\",\"static/chunks/2297-39962a2be67aa286.js\",\"9138\",\"static/chunks/9138-589e2d7f98ecedbf.js\",\"861\",\"static/chunks/861-7f37fd430b9f53a7.js\",\"9640\",\"static/chunks/9640-3542d3445f89d8d5.js\",\"7771\",\"static/chunks/7771-f3794ae85af8b82a.js\",\"1800\",\"static/chunks/1800-029e13f9e34e45a0.js\",\"16\",\"static/chunks/16-7468296d3dd76c87.js\",\"5053\",\"static/chunks/5053-7f0"])</script><script>self.__next_f.push([1,"a049cf4747b2f.js\",\"5449\",\"static/chunks/5449-0dc03278953f3fec.js\",\"3930\",\"static/chunks/3930-0eb1775779fefe6e.js\",\"1732\",\"static/chunks/1732-f633fbd17f1e5820.js\",\"3185\",\"static/chunks/app/layout-041988fa387a3ec5.js\"],\"default\"]\n10:I[20315,[\"5501\",\"static/chunks/c16f53c3-776433678eb671f2.js\",\"3010\",\"static/chunks/d16ac788-a1857d47473362f1.js\",\"4705\",\"static/chunks/dc112a36-13217b3351317b65.js\",\"2297\",\"static/chunks/2297-39962a2be67aa286.js\",\"9138\",\"static/chunks/9138-589e2d7f98ecedbf.js\",\"861\",\"static/chunks/861-7f37fd430b9f53a7.js\",\"9640\",\"static/chunks/9640-3542d3445f89d8d5.js\",\"7771\",\"static/chunks/7771-f3794ae85af8b82a.js\",\"1800\",\"static/chunks/1800-029e13f9e34e45a0.js\",\"16\",\"static/chunks/16-7468296d3dd76c87.js\",\"5053\",\"static/chunks/5053-7f0a049cf4747b2f.js\",\"5449\",\"static/chunks/5449-0dc03278953f3fec.js\",\"3930\",\"static/chunks/3930-0eb1775779fefe6e.js\",\"1732\",\"static/chunks/1732-f633fbd17f1e5820.js\",\"3185\",\"static/chunks/app/layout-041988fa387a3ec5.js\"],\"I18NextProvider\"]\n11:I[17395,[\"5501\",\"static/chunks/c16f53c3-776433678eb671f2.js\",\"3010\",\"static/chunks/d16ac788-a1857d47473362f1.js\",\"4705\",\"static/chunks/dc112a36-13217b3351317b65.js\",\"2297\",\"static/chunks/2297-39962a2be67aa286.js\",\"9138\",\"static/chunks/9138-589e2d7f98ecedbf.js\",\"861\",\"static/chunks/861-7f37fd430b9f53a7.js\",\"9640\",\"static/chunks/9640-3542d3445f89d8d5.js\",\"7771\",\"static/chunks/7771-f3794ae85af8b82a.js\",\"1800\",\"static/chunks/1800-029e13f9e34e45a0.js\",\"16\",\"static/chunks/16-7468296d3dd76c87.js\",\"5053\",\"static/chunks/5053-7f0a049cf4747b2f.js\",\"5449\",\"static/chunks/5449-0dc03278953f3fec.js\",\"3930\",\"static/chunks/3930-0eb1775779fefe6e.js\",\"1732\",\"static/chunks/1732-f633fbd17f1e5820.js\",\"3185\",\"static/chunks/app/layout-041988fa387a3ec5.js\"],\"NextThemeProvider\"]\n12:I[68308,[\"5501\",\"static/chunks/c16f53c3-776433678eb671f2.js\",\"3010\",\"static/chunks/d16ac788-a1857d47473362f1.js\",\"4705\",\"static/chunks/dc112a36-13217b3351317b65.js\",\"2297\",\"static/chunks/2297-39962a2be67aa286.js\",\"9138\",\"static/chunks/9138-589e2d7f98ecedbf.js\",\"861\",\"static/chunks/861-7"])</script><script>self.__next_f.push([1,"f37fd430b9f53a7.js\",\"9640\",\"static/chunks/9640-3542d3445f89d8d5.js\",\"7771\",\"static/chunks/7771-f3794ae85af8b82a.js\",\"1800\",\"static/chunks/1800-029e13f9e34e45a0.js\",\"16\",\"static/chunks/16-7468296d3dd76c87.js\",\"5053\",\"static/chunks/5053-7f0a049cf4747b2f.js\",\"5449\",\"static/chunks/5449-0dc03278953f3fec.js\",\"3930\",\"static/chunks/3930-0eb1775779fefe6e.js\",\"1732\",\"static/chunks/1732-f633fbd17f1e5820.js\",\"3185\",\"static/chunks/app/layout-041988fa387a3ec5.js\"],\"default\"]\n13:I[39516,[\"5501\",\"static/chunks/c16f53c3-776433678eb671f2.js\",\"3010\",\"static/chunks/d16ac788-a1857d47473362f1.js\",\"4705\",\"static/chunks/dc112a36-13217b3351317b65.js\",\"2297\",\"static/chunks/2297-39962a2be67aa286.js\",\"9138\",\"static/chunks/9138-589e2d7f98ecedbf.js\",\"861\",\"static/chunks/861-7f37fd430b9f53a7.js\",\"9640\",\"static/chunks/9640-3542d3445f89d8d5.js\",\"7771\",\"static/chunks/7771-f3794ae85af8b82a.js\",\"1800\",\"static/chunks/1800-029e13f9e34e45a0.js\",\"16\",\"static/chunks/16-7468296d3dd76c87.js\",\"5053\",\"static/chunks/5053-7f0a049cf4747b2f.js\",\"5449\",\"static/chunks/5449-0dc03278953f3fec.js\",\"3930\",\"static/chunks/3930-0eb1775779fefe6e.js\",\"1732\",\"static/chunks/1732-f633fbd17f1e5820.js\",\"3185\",\"static/chunks/app/layout-041988fa387a3ec5.js\"],\"ModalProvider\"]\n14:I[32581,[\"5501\",\"static/chunks/c16f53c3-776433678eb671f2.js\",\"3010\",\"static/chunks/d16ac788-a1857d47473362f1.js\",\"4705\",\"static/chunks/dc112a36-13217b3351317b65.js\",\"2297\",\"static/chunks/2297-39962a2be67aa286.js\",\"9138\",\"static/chunks/9138-589e2d7f98ecedbf.js\",\"861\",\"static/chunks/861-7f37fd430b9f53a7.js\",\"9640\",\"static/chunks/9640-3542d3445f89d8d5.js\",\"7771\",\"static/chunks/7771-f3794ae85af8b82a.js\",\"1800\",\"static/chunks/1800-029e13f9e34e45a0.js\",\"16\",\"static/chunks/16-7468296d3dd76c87.js\",\"5053\",\"static/chunks/5053-7f0a049cf4747b2f.js\",\"5449\",\"static/chunks/5449-0dc03278953f3fec.js\",\"3930\",\"static/chunks/3930-0eb1775779fefe6e.js\",\"1732\",\"static/chunks/1732-f633fbd17f1e5820.js\",\"3185\",\"static/chunks/app/layout-041988fa387a3ec5.js\"],\"default\"]\n15:I[53241,[\"2297\",\"static/chunks/2297-39962a2be67aa286.js\",\"861"])</script><script>self.__next_f.push([1,"\",\"static/chunks/861-7f37fd430b9f53a7.js\",\"16\",\"static/chunks/16-7468296d3dd76c87.js\",\"7601\",\"static/chunks/app/error-fba8b79355c2fcd3.js\"],\"default\"]\n"])</script><script>self.__next_f.push([1,"9:[\"$\",\"html\",null,{\"suppressHydrationWarning\":true,\"children\":[[\"$\",\"$Ld\",null,{}],[\"$\",\"body\",null,{\"children\":[[\"$\",\"$Le\",null,{\"memberId\":\"$undefined\",\"userData\":null,\"chatbotInfo\":null}],[\"$\",\"$Lf\",null,{\"initialState\":{\"deviceType\":\"desktop\",\"currentURL\":\"https://localhost:3000/fo/event/productListPage.do?collectionSeq=11\",\"appHost\":\"www.meatbox.co.kr\",\"appProto\":\"https\",\"appDeviceID\":\"\",\"appOSType\":\"\",\"appPushkey\":\"\",\"appVersion\":\"\",\"isFromAPP\":false},\"initialSlice\":{\"authSlice\":{\"isLogin\":false,\"userData\":null,\"userGrade\":null,\"isLogginOut\":false,\"logoutTime\":0,\"isAuthChecked\":true,\"appVersion\":0,\"appOSType\":\"\"},\"cartSlice\":{\"cartCount\":0},\"board\":{\"boardList\":{\"news\":[{\"infoBoardSeq\":265,\"subject\":\"“소비쿠폰 효과 확실하네” 미트박스, 한우 결제액 24.5%·정육점 27%↑\",\"linkUrl\":\"https://www.asiatoday.co.kr/kn/view.php?key=20250804010001089\u0026ref=search\",\"regDate\":\"2025-08-05\"}],\"notices\":[{\"boardSeq\":111506,\"subject\":\"[육마트] 배송까지 무료! 샘플 신청 방법 3초 만에 이해하기!\",\"regDate\":\"2025-10-01\"}]}},\"chatbotSlice\":{\"chatbotInfo\":null}},\"children\":[\"$\",\"$L10\",null,{\"localeCode\":\"ko-KR\",\"children\":[\"$\",\"$L11\",null,{\"children\":[\"$\",\"$L12\",null,{\"children\":[\"$\",\"$L13\",null,{\"children\":[\"$\",\"$L14\",null,{\"children\":[\"$\",\"$L7\",null,{\"parallelRouterKey\":\"children\",\"segmentPath\":[\"children\"],\"error\":\"$15\",\"errorStyles\":[],\"errorScripts\":[],\"template\":[\"$\",\"$L8\",null,{}],\"templateStyles\":\"$undefined\",\"templateScripts\":\"$undefined\",\"notFound\":[[\"$\",\"title\",null,{\"children\":\"404: This page could not be found.\"}],[\"$\",\"div\",null,{\"style\":{\"fontFamily\":\"system-ui,\\\"Segoe UI\\\",Roboto,Helvetica,Arial,sans-serif,\\\"Apple Color Emoji\\\",\\\"Segoe UI Emoji\\\"\",\"height\":\"100vh\",\"textAlign\":\"center\",\"display\":\"flex\",\"flexDirection\":\"column\",\"alignItems\":\"center\",\"justifyContent\":\"center\"},\"children\":[\"$\",\"div\",null,{\"children\":[[\"$\",\"style\",null,{\"dangerouslySetInnerHTML\":{\"__html\":\"body{color:#000;background:#fff;margin:0}.next-error-h1{border-right:1px solid rgba(0,0,0,.3)}@media (prefers-color-scheme:dark){body{color:#fff;background:#000}.next-error-h1{border-right:1px solid rgba(255,255,255,.3)}}\"}}],[\"$\",\"h1\",null,{\"className\":\"next-error-h1\",\"style\":{\"display\":\"inline-block\",\"margin\":\"0 20px 0 0\",\"padding\":\"0 23px 0 0\",\"fontSize\":24,\"fontWeight\":500,\"verticalAlign\":\"top\",\"lineHeight\":\"49px\"},\"children\":\"404\"}],[\"$\",\"div\",null,{\"style\":{\"display\":\"inline-block\"},\"children\":[\"$\",\"h2\",null,{\"style\":{\"fontSize\":14,\"fontWeight\":400,\"lineHeight\":\"49px\",\"margin\":0},\"children\":\"This page could not be found.\"}]}]]}]}]],\"notFoundStyles\":[]}]}]}]}]}]}]}]]}]]}]\n"])</script><script>self.__next_f.push([1,"16:I[18896,[\"5501\",\"static/chunks/c16f53c3-776433678eb671f2.js\",\"3010\",\"static/chunks/d16ac788-a1857d47473362f1.js\",\"2297\",\"static/chunks/2297-39962a2be67aa286.js\",\"9138\",\"static/chunks/9138-589e2d7f98ecedbf.js\",\"861\",\"static/chunks/861-7f37fd430b9f53a7.js\",\"2713\",\"static/chunks/2713-b8a1837d65cef38e.js\",\"9640\",\"static/chunks/9640-3542d3445f89d8d5.js\",\"16\",\"static/chunks/16-7468296d3dd76c87.js\",\"5053\",\"static/chunks/5053-7f0a049cf4747b2f.js\",\"8896\",\"static/chunks/8896-f69c0a223b7022aa.js\",\"5449\",\"static/chunks/5449-0dc03278953f3fec.js\",\"651\",\"static/chunks/651-669306adeae058cf.js\",\"4703\",\"static/chunks/4703-dd0122a038939d6d.js\",\"2259\",\"static/chunks/2259-253ca8495ecca60f.js\",\"3790\",\"static/chunks/3790-4614f673d2c2d6ad.js\",\"5057\",\"static/chunks/5057-7eb8b6d9d262a99d.js\",\"2948\",\"static/chunks/2948-a7f4c3a074a1e906.js\",\"3726\",\"static/chunks/app/fo/event/productListPage.do/page-35660650adf7faa1.js\"],\"default\"]\n18:I[86988,[\"5501\",\"static/chunks/c16f53c3-776433678eb671f2.js\",\"3010\",\"static/chunks/d16ac788-a1857d47473362f1.js\",\"2297\",\"static/chunks/2297-39962a2be67aa286.js\",\"9138\",\"static/chunks/9138-589e2d7f98ecedbf.js\",\"861\",\"static/chunks/861-7f37fd430b9f53a7.js\",\"2713\",\"static/chunks/2713-b8a1837d65cef38e.js\",\"9640\",\"static/chunks/9640-3542d3445f89d8d5.js\",\"16\",\"static/chunks/16-7468296d3dd76c87.js\",\"5053\",\"static/chunks/5053-7f0a049cf4747b2f.js\",\"8896\",\"static/chunks/8896-f69c0a223b7022aa.js\",\"5449\",\"static/chunks/5449-0dc03278953f3fec.js\",\"651\",\"static/chunks/651-669306adeae058cf.js\",\"4703\",\"static/chunks/4703-dd0122a038939d6d.js\",\"2259\",\"static/chunks/2259-253ca8495ecca60f.js\",\"3790\",\"static/chunks/3790-4614f673d2c2d6ad.js\",\"5057\",\"static/chunks/5057-7eb8b6d9d262a99d.js\",\"2948\",\"static/chunks/2948-a7f4c3a074a1e906.js\",\"3726\",\"static/chunks/app/fo/event/productListPage.do/page-35660650adf7faa1.js\"],\"default\"]\n17:{\"desktop\":5,\"mobile\":5}\n"])</script><script>self.__next_f.push([1,"6:[\"$\",\"$L16\",null,{\"page\":\"eventProductListPage\",\"preloadedState\":{\"aggFilterSlice\":{\"sections\":[{\"modalSelectionSyncMode\":\"onCommit\",\"id\":\"품목-3mkX3kPOHtf7guSPGBzQl\",\"parentId\":\"$undefined\",\"type\":\"list\",\"items\":[{\"count\":2,\"selectedLabelText\":\"$undefined\",\"labelText\":\"양지-수입소\",\"isSelected\":false,\"withChipIcon\":\"$undefined\",\"inputType\":\"checkbox\",\"meta\":{\"allowMultiple\":true,\"resKey\":\"itemCatAgg\",\"code\":\"136,A000\",\"sectionId\":\"품목-3mkX3kPOHtf7guSPGBzQl\",\"group\":\"itemCatCd-itemKindCd\",\"id\":\"itemCatCd-itemKindCd-136,A000\"},\"payload\":{\"type\":\"multiple-code\",\"rawCode\":\"136,A000\",\"reqFormat\":\"comma\",\"firstReqKey\":\"itemCatCd\",\"secondReqKey\":\"itemKindCd\"}},{\"count\":3,\"selectedLabelText\":\"$undefined\",\"labelText\":\"토시살-수입소\",\"isSelected\":false,\"withChipIcon\":\"$undefined\",\"inputType\":\"checkbox\",\"meta\":{\"allowMultiple\":true,\"resKey\":\"itemCatAgg\",\"code\":\"49,A000\",\"sectionId\":\"품목-3mkX3kPOHtf7guSPGBzQl\",\"group\":\"itemCatCd-itemKindCd\",\"id\":\"itemCatCd-itemKindCd-49,A000\"},\"payload\":{\"type\":\"multiple-code\",\"rawCode\":\"49,A000\",\"reqFormat\":\"comma\",\"firstReqKey\":\"itemCatCd\",\"secondReqKey\":\"itemKindCd\"}},{\"count\":2,\"selectedLabelText\":\"$undefined\",\"labelText\":\"갈비살/늑간살(조각)-수입소\",\"isSelected\":false,\"withChipIcon\":\"$undefined\",\"inputType\":\"checkbox\",\"meta\":{\"allowMultiple\":true,\"resKey\":\"itemCatAgg\",\"code\":\"244,A000\",\"sectionId\":\"품목-3mkX3kPOHtf7guSPGBzQl\",\"group\":\"itemCatCd-itemKindCd\",\"id\":\"itemCatCd-itemKindCd-244,A000\"},\"payload\":{\"type\":\"multiple-code\",\"rawCode\":\"244,A000\",\"reqFormat\":\"comma\",\"firstReqKey\":\"itemCatCd\",\"secondReqKey\":\"itemKindCd\"}},{\"count\":4,\"selectedLabelText\":\"$undefined\",\"labelText\":\"등갈비/백립-수입소\",\"isSelected\":false,\"withChipIcon\":\"$undefined\",\"inputType\":\"checkbox\",\"meta\":{\"allowMultiple\":true,\"resKey\":\"itemCatAgg\",\"code\":\"26,A000\",\"sectionId\":\"품목-3mkX3kPOHtf7guSPGBzQl\",\"group\":\"itemCatCd-itemKindCd\",\"id\":\"itemCatCd-itemKindCd-26,A000\"},\"payload\":{\"type\":\"multiple-code\",\"rawCode\":\"26,A000\",\"reqFormat\":\"comma\",\"firstReqKey\":\"itemCatCd\",\"secondReqKey\":\"itemKindCd\"}},{\"count\":9,\"selectedLabelText\":\"$undefined\",\"labelText\":\"앞/척갈비-수입소\",\"isSelected\":false,\"withChipIcon\":\"$undefined\",\"inputType\":\"checkbox\",\"meta\":{\"allowMultiple\":true,\"resKey\":\"itemCatAgg\",\"code\":\"106,A000\",\"sectionId\":\"품목-3mkX3kPOHtf7guSPGBzQl\",\"group\":\"itemCatCd-itemKindCd\",\"id\":\"itemCatCd-itemKindCd-106,A000\"},\"payload\":{\"type\":\"multiple-code\",\"rawCode\":\"106,A000\",\"reqFormat\":\"comma\",\"firstReqKey\":\"itemCatCd\",\"secondReqKey\":\"itemKindCd\"}},{\"count\":1,\"selectedLabelText\":\"$undefined\",\"labelText\":\"일반갈비-수입소\",\"isSelected\":false,\"withChipIcon\":\"$undefined\",\"inputType\":\"checkbox\",\"meta\":{\"allowMultiple\":true,\"resKey\":\"itemCatAgg\",\"code\":\"57,A000\",\"sectionId\":\"품목-3mkX3kPOHtf7guSPGBzQl\",\"group\":\"itemCatCd-itemKindCd\",\"id\":\"itemCatCd-itemKindCd-57,A000\"},\"payload\":{\"type\":\"multiple-code\",\"rawCode\":\"57,A000\",\"reqFormat\":\"comma\",\"firstReqKey\":\"itemCatCd\",\"secondReqKey\":\"itemKindCd\"}},{\"count\":1,\"selectedLabelText\":\"$undefined\",\"labelText\":\"꼬리-한우암소\",\"isSelected\":false,\"withChipIcon\":\"$undefined\",\"inputType\":\"checkbox\",\"meta\":{\"allowMultiple\":true,\"resKey\":\"itemCatAgg\",\"code\":\"263,D000\",\"sectionId\":\"품목-3mkX3kPOHtf7guSPGBzQl\",\"group\":\"itemCatCd-itemKindCd\",\"id\":\"itemCatCd-itemKindCd-263,D000\"},\"payload\":{\"type\":\"multiple-code\",\"rawCode\":\"263,D000\",\"reqFormat\":\"comma\",\"firstReqKey\":\"itemCatCd\",\"secondReqKey\":\"itemKindCd\"}},{\"count\":2,\"selectedLabelText\":\"$undefined\",\"labelText\":\"백립(조각백립)-수입소\",\"isSelected\":false,\"withChipIcon\":\"$undefined\",\"inputType\":\"checkbox\",\"meta\":{\"allowMultiple\":true,\"resKey\":\"itemCatAgg\",\"code\":\"100,A000\",\"sectionId\":\"품목-3mkX3kPOHtf7guSPGBzQl\",\"group\":\"itemCatCd-itemKindCd\",\"id\":\"itemCatCd-itemKindCd-100,A000\"},\"payload\":{\"type\":\"multiple-code\",\"rawCode\":\"100,A000\",\"reqFormat\":\"comma\",\"firstReqKey\":\"itemCatCd\",\"secondReqKey\":\"itemKindCd\"}},{\"count\":21,\"selectedLabelText\":\"$undefined\",\"labelText\":\"차돌박이-수입소\",\"isSelected\":false,\"withChipIcon\":\"$undefined\",\"inputType\":\"checkbox\",\"meta\":{\"allowMultiple\":true,\"resKey\":\"itemCatAgg\",\"code\":\"42,A000\",\"sectionId\":\"품목-3mkX3kPOHtf7guSPGBzQl\",\"group\":\"itemCatCd-itemKindCd\",\"id\":\"itemCatCd-itemKindCd-42,A000\"},\"payload\":{\"type\":\"multiple-code\",\"rawCode\":\"42,A000\",\"reqFormat\":\"comma\",\"firstReqKey\":\"itemCatCd\",\"secondReqKey\":\"itemKindCd\"}},{\"count\":1,\"selectedLabelText\":\"$undefined\",\"labelText\":\"특수부위-한우거세\",\"isSelected\":false,\"withChipIcon\":\"$undefined\",\"inputType\":\"checkbox\",\"meta\":{\"allowMultiple\":true,\"resKey\":\"itemCatAgg\",\"code\":\"245,E000\",\"sectionId\":\"품목-3mkX3kPOHtf7guSPGBzQl\",\"group\":\"itemCatCd-itemKindCd\",\"id\":\"itemCatCd-itemKindCd-245,E000\"},\"payload\":{\"type\":\"multiple-code\",\"rawCode\":\"245,E000\",\"reqFormat\":\"comma\",\"firstReqKey\":\"itemCatCd\",\"secondReqKey\":\"itemKindCd\"}},{\"count\":1,\"selectedLabelText\":\"$undefined\",\"labelText\":\"황제늑간-수입소\",\"isSelected\":false,\"withChipIcon\":\"$undefined\",\"inputType\":\"checkbox\",\"meta\":{\"allowMultiple\":true,\"resKey\":\"itemCatAgg\",\"code\":\"115,A000\",\"sectionId\":\"품목-3mkX3kPOHtf7guSPGBzQl\",\"group\":\"itemCatCd-itemKindCd\",\"id\":\"itemCatCd-itemKindCd-115,A000\"},\"payload\":{\"type\":\"multiple-code\",\"rawCode\":\"115,A000\",\"reqFormat\":\"comma\",\"firstReqKey\":\"itemCatCd\",\"secondReqKey\":\"itemKindCd\"}},{\"count\":5,\"selectedLabelText\":\"$undefined\",\"labelText\":\"양지안창-수입소\",\"isSelected\":false,\"withChipIcon\":\"$undefined\",\"inputType\":\"checkbox\",\"meta\":{\"allowMultiple\":true,\"resKey\":\"itemCatAgg\",\"code\":\"537,A000\",\"sectionId\":\"품목-3mkX3kPOHtf7guSPGBzQl\",\"group\":\"itemCatCd-itemKindCd\",\"id\":\"itemCatCd-itemKindCd-537,A000\"},\"payload\":{\"type\":\"multiple-code\",\"rawCode\":\"537,A000\",\"reqFormat\":\"comma\",\"firstReqKey\":\"itemCatCd\",\"secondReqKey\":\"itemKindCd\"}},{\"count\":2,\"selectedLabelText\":\"$undefined\",\"labelText\":\"잡육-수입소\",\"isSelected\":false,\"withChipIcon\":\"$undefined\",\"inputType\":\"checkbox\",\"meta\":{\"allowMultiple\":true,\"resKey\":\"itemCatAgg\",\"code\":\"451,A000\",\"sectionId\":\"품목-3mkX3kPOHtf7guSPGBzQl\",\"group\":\"itemCatCd-itemKindCd\",\"id\":\"itemCatCd-itemKindCd-451,A000\"},\"payload\":{\"type\":\"multiple-code\",\"rawCode\":\"451,A000\",\"reqFormat\":\"comma\",\"firstReqKey\":\"itemCatCd\",\"secondReqKey\":\"itemKindCd\"}},{\"count\":2,\"selectedLabelText\":\"$undefined\",\"labelText\":\"갈비살/늑간살-수입소\",\"isSelected\":false,\"withChipIcon\":\"$undefined\",\"inputType\":\"checkbox\",\"meta\":{\"allowMultiple\":true,\"resKey\":\"itemCatAgg\",\"code\":\"70,A000\",\"sectionId\":\"품목-3mkX3kPOHtf7guSPGBzQl\",\"group\":\"itemCatCd-itemKindCd\",\"id\":\"itemCatCd-itemKindCd-70,A000\"},\"payload\":{\"type\":\"multiple-code\",\"rawCode\":\"70,A000\",\"reqFormat\":\"comma\",\"firstReqKey\":\"itemCatCd\",\"secondReqKey\":\"itemKindCd\"}},{\"count\":1,\"selectedLabelText\":\"$undefined\",\"labelText\":\"지방-한우거세\",\"isSelected\":false,\"withChipIcon\":\"$undefined\",\"inputType\":\"checkbox\",\"meta\":{\"allowMultiple\":true,\"resKey\":\"itemCatAgg\",\"code\":\"465,E000\",\"sectionId\":\"품목-3mkX3kPOHtf7guSPGBzQl\",\"group\":\"itemCatCd-itemKindCd\",\"id\":\"itemCatCd-itemKindCd-465,E000\"},\"payload\":{\"type\":\"multiple-code\",\"rawCode\":\"465,E000\",\"reqFormat\":\"comma\",\"firstReqKey\":\"itemCatCd\",\"secondReqKey\":\"itemKindCd\"}},{\"count\":6,\"selectedLabelText\":\"$undefined\",\"labelText\":\"꼬리-수입소\",\"isSelected\":false,\"withChipIcon\":\"$undefined\",\"inputType\":\"checkbox\",\"meta\":{\"allowMultiple\":true,\"resKey\":\"itemCatAgg\",\"code\":\"67,A000\",\"sectionId\":\"품목-3mkX3kPOHtf7guSPGBzQl\",\"group\":\"itemCatCd-itemKindCd\",\"id\":\"itemCatCd-itemKindCd-67,A000\"},\"payload\":{\"type\":\"multiple-code\",\"rawCode\":\"67,A000\",\"reqFormat\":\"comma\",\"firstReqKey\":\"itemCatCd\",\"secondReqKey\":\"itemKindCd\"}},{\"count\":10,\"selectedLabelText\":\"$undefined\",\"labelText\":\"설깃-수입소\",\"isSelected\":false,\"withChipIcon\":\"$undefined\",\"inputType\":\"checkbox\",\"meta\":{\"allowMultiple\":true,\"resKey\":\"itemCatAgg\",\"code\":\"86,A000\",\"sectionId\":\"품목-3mkX3kPOHtf7guSPGBzQl\",\"group\":\"itemCatCd-itemKindCd\",\"id\":\"itemCatCd-itemKindCd-86,A000\"},\"payload\":{\"type\":\"multiple-code\",\"rawCode\":\"86,A000\",\"reqFormat\":\"comma\",\"firstReqKey\":\"itemCatCd\",\"secondReqKey\":\"itemKindCd\"}},{\"count\":3,\"selectedLabelText\":\"$undefined\",\"labelText\":\"우족-한우거세\",\"isSelected\":false,\"withChipIcon\":\"$undefined\",\"inputType\":\"checkbox\",\"meta\":{\"allowMultiple\":true,\"resKey\":\"itemCatAgg\",\"code\":\"171,E000\",\"sectionId\":\"품목-3mkX3kPOHtf7guSPGBzQl\",\"group\":\"itemCatCd-itemKindCd\",\"id\":\"itemCatCd-itemKindCd-171,E000\"},\"payload\":{\"type\":\"multiple-code\",\"rawCode\":\"171,E000\",\"reqFormat\":\"comma\",\"firstReqKey\":\"itemCatCd\",\"secondReqKey\":\"itemKindCd\"}},{\"count\":3,\"selectedLabelText\":\"$undefined\",\"labelText\":\"등심추리-수입소\",\"isSelected\":false,\"withChipIcon\":\"$undefined\",\"inputType\":\"checkbox\",\"meta\":{\"allowMultiple\":true,\"resKey\":\"itemCatAgg\",\"code\":\"4698,A000\",\"sectionId\":\"품목-3mkX3kPOHtf7guSPGBzQl\",\"group\":\"itemCatCd-itemKindCd\",\"id\":\"itemCatCd-itemKindCd-4698,A000\"},\"payload\":{\"type\":\"multiple-code\",\"rawCode\":\"4698,A000\",\"reqFormat\":\"comma\",\"firstReqKey\":\"itemCatCd\",\"secondReqKey\":\"itemKindCd\"}},{\"count\":1,\"selectedLabelText\":\"$undefined\",\"labelText\":\"차돌박이-한우거세\",\"isSelected\":false,\"withChipIcon\":\"$undefined\",\"inputType\":\"checkbox\",\"meta\":{\"allowMultiple\":true,\"resKey\":\"itemCatAgg\",\"code\":\"166,E000\",\"sectionId\":\"품목-3mkX3kPOHtf7guSPGBzQl\",\"group\":\"itemCatCd-itemKindCd\",\"id\":\"itemCatCd-itemKindCd-166,E000\"},\"payload\":{\"type\":\"multiple-code\",\"rawCode\":\"166,E000\",\"reqFormat\":\"comma\",\"firstReqKey\":\"itemCatCd\",\"secondReqKey\":\"itemKindCd\"}},{\"count\":2,\"selectedLabelText\":\"$undefined\",\"labelText\":\"목뼈-수입소\",\"isSelected\":false,\"withChipIcon\":\"$undefined\",\"inputType\":\"checkbox\",\"meta\":{\"allowMultiple\":true,\"resKey\":\"itemCatAgg\",\"code\":\"38,A000\",\"sectionId\":\"품목-3mkX3kPOHtf7guSPGBzQl\",\"group\":\"itemCatCd-itemKindCd\",\"id\":\"itemCatCd-itemKindCd-38,A000\"},\"payload\":{\"type\":\"multiple-code\",\"rawCode\":\"38,A000\",\"reqFormat\":\"comma\",\"firstReqKey\":\"itemCatCd\",\"secondReqKey\":\"itemKindCd\"}},{\"count\":2,\"selectedLabelText\":\"$undefined\",\"labelText\":\"우족-한우암소\",\"isSelected\":false,\"withChipIcon\":\"$undefined\",\"inputType\":\"checkbox\",\"meta\":{\"allowMultiple\":true,\"resKey\":\"itemCatAgg\",\"code\":\"279,D000\",\"sectionId\":\"품목-3mkX3kPOHtf7guSPGBzQl\",\"group\":\"itemCatCd-itemKindCd\",\"id\":\"itemCatCd-itemKindCd-279,D000\"},\"payload\":{\"type\":\"multiple-code\",\"rawCode\":\"279,D000\",\"reqFormat\":\"comma\",\"firstReqKey\":\"itemCatCd\",\"secondReqKey\":\"itemKindCd\"}},{\"count\":1,\"selectedLabelText\":\"$undefined\",\"labelText\":\"잡뼈-한우거세\",\"isSelected\":false,\"withChipIcon\":\"$undefined\",\"inputType\":\"checkbox\",\"meta\":{\"allowMultiple\":true,\"resKey\":\"itemCatAgg\",\"code\":\"172,E000\",\"sectionId\":\"품목-3mkX3kPOHtf7guSPGBzQl\",\"group\":\"itemCatCd-itemKindCd\",\"id\":\"itemCatCd-itemKindCd-172,E000\"},\"payload\":{\"type\":\"multiple-code\",\"rawCode\":\"172,E000\",\"reqFormat\":\"comma\",\"firstReqKey\":\"itemCatCd\",\"secondReqKey\":\"itemKindCd\"}},{\"count\":1,\"selectedLabelText\":\"$undefined\",\"labelText\":\"부채살-한우거세\",\"isSelected\":false,\"withChipIcon\":\"$undefined\",\"inputType\":\"checkbox\",\"meta\":{\"allowMultiple\":true,\"resKey\":\"itemCatAgg\",\"code\":\"155,E000\",\"sectionId\":\"품목-3mkX3kPOHtf7guSPGBzQl\",\"group\":\"itemCatCd-itemKindCd\",\"id\":\"itemCatCd-itemKindCd-155,E000\"},\"payload\":{\"type\":\"multiple-code\",\"rawCode\":\"155,E000\",\"reqFormat\":\"comma\",\"firstReqKey\":\"itemCatCd\",\"secondReqKey\":\"itemKindCd\"}},{\"count\":64,\"selectedLabelText\":\"$undefined\",\"labelText\":\"삼겹양지-수입소\",\"isSelected\":false,\"withChipIcon\":\"$undefined\",\"inputType\":\"checkbox\",\"meta\":{\"allowMultiple\":true,\"resKey\":\"itemCatAgg\",\"code\":\"85,A000\",\"sectionId\":\"품목-3mkX3kPOHtf7guSPGBzQl\",\"group\":\"itemCatCd-itemKindCd\",\"id\":\"itemCatCd-itemKindCd-85,A000\"},\"payload\":{\"type\":\"multiple-code\",\"rawCode\":\"85,A000\",\"reqFormat\":\"comma\",\"firstReqKey\":\"itemCatCd\",\"secondReqKey\":\"itemKindCd\"}},{\"count\":3,\"selectedLabelText\":\"$undefined\",\"labelText\":\"우둔-수입소\",\"isSelected\":false,\"withChipIcon\":\"$undefined\",\"inputType\":\"checkbox\",\"meta\":{\"allowMultiple\":true,\"resKey\":\"itemCatAgg\",\"code\":\"40,A000\",\"sectionId\":\"품목-3mkX3kPOHtf7guSPGBzQl\",\"group\":\"itemCatCd-itemKindCd\",\"id\":\"itemCatCd-itemKindCd-40,A000\"},\"payload\":{\"type\":\"multiple-code\",\"rawCode\":\"40,A000\",\"reqFormat\":\"comma\",\"firstReqKey\":\"itemCatCd\",\"secondReqKey\":\"itemKindCd\"}},{\"count\":4,\"selectedLabelText\":\"$undefined\",\"labelText\":\"양지늑간-수입소\",\"isSelected\":false,\"withChipIcon\":\"$undefined\",\"inputType\":\"checkbox\",\"meta\":{\"allowMultiple\":true,\"resKey\":\"itemCatAgg\",\"code\":\"94,A000\",\"sectionId\":\"품목-3mkX3kPOHtf7guSPGBzQl\",\"group\":\"itemCatCd-itemKindCd\",\"id\":\"itemCatCd-itemKindCd-94,A000\"},\"payload\":{\"type\":\"multiple-code\",\"rawCode\":\"94,A000\",\"reqFormat\":\"comma\",\"firstReqKey\":\"itemCatCd\",\"secondReqKey\":\"itemKindCd\"}},{\"count\":14,\"selectedLabelText\":\"$undefined\",\"labelText\":\"알전각/볼라전각-수입소\",\"isSelected\":false,\"withChipIcon\":\"$undefined\",\"inputType\":\"checkbox\",\"meta\":{\"allowMultiple\":true,\"resKey\":\"itemCatAgg\",\"code\":\"99,A000\",\"sectionId\":\"품목-3mkX3kPOHtf7guSPGBzQl\",\"group\":\"itemCatCd-itemKindCd\",\"id\":\"itemCatCd-itemKindCd-99,A000\"},\"payload\":{\"type\":\"multiple-code\",\"rawCode\":\"99,A000\",\"reqFormat\":\"comma\",\"firstReqKey\":\"itemCatCd\",\"secondReqKey\":\"itemKindCd\"}},{\"count\":5,\"selectedLabelText\":\"$undefined\",\"labelText\":\"뽈살-수입소\",\"isSelected\":false,\"withChipIcon\":\"$undefined\",\"inputType\":\"checkbox\",\"meta\":{\"allowMultiple\":true,\"resKey\":\"itemCatAgg\",\"code\":\"29,A000\",\"sectionId\":\"품목-3mkX3kPOHtf7guSPGBzQl\",\"group\":\"itemCatCd-itemKindCd\",\"id\":\"itemCatCd-itemKindCd-29,A000\"},\"payload\":{\"type\":\"multiple-code\",\"rawCode\":\"29,A000\",\"reqFormat\":\"comma\",\"firstReqKey\":\"itemCatCd\",\"secondReqKey\":\"itemKindCd\"}},{\"count\":18,\"selectedLabelText\":\"$undefined\",\"labelText\":\"알목심-수입소\",\"isSelected\":false,\"withChipIcon\":\"$undefined\",\"inputType\":\"checkbox\",\"meta\":{\"allowMultiple\":true,\"resKey\":\"itemCatAgg\",\"code\":\"37,A000\",\"sectionId\":\"품목-3mkX3kPOHtf7guSPGBzQl\",\"group\":\"itemCatCd-itemKindCd\",\"id\":\"itemCatCd-itemKindCd-37,A000\"},\"payload\":{\"type\":\"multiple-code\",\"rawCode\":\"37,A000\",\"reqFormat\":\"comma\",\"firstReqKey\":\"itemCatCd\",\"secondReqKey\":\"itemKindCd\"}},{\"count\":3,\"selectedLabelText\":\"$undefined\",\"labelText\":\"사골-수입소\",\"isSelected\":false,\"withChipIcon\":\"$undefined\",\"inputType\":\"checkbox\",\"meta\":{\"allowMultiple\":true,\"resKey\":\"itemCatAgg\",\"code\":\"31,A000\",\"sectionId\":\"품목-3mkX3kPOHtf7guSPGBzQl\",\"group\":\"itemCatCd-itemKindCd\",\"id\":\"itemCatCd-itemKindCd-31,A000\"},\"payload\":{\"type\":\"multiple-code\",\"rawCode\":\"31,A000\",\"reqFormat\":\"comma\",\"firstReqKey\":\"itemCatCd\",\"secondReqKey\":\"itemKindCd\"}},{\"count\":22,\"selectedLabelText\":\"$undefined\",\"labelText\":\"앞다리/전각-수입소\",\"isSelected\":false,\"withChipIcon\":\"$undefined\",\"inputType\":\"checkbox\",\"meta\":{\"allowMultiple\":true,\"resKey\":\"itemCatAgg\",\"code\":\"98,A000\",\"sectionId\":\"품목-3mkX3kPOHtf7guSPGBzQl\",\"group\":\"itemCatCd-itemKindCd\",\"id\":\"itemCatCd-itemKindCd-98,A000\"},\"payload\":{\"type\":\"multiple-code\",\"rawCode\":\"98,A000\",\"reqFormat\":\"comma\",\"firstReqKey\":\"itemCatCd\",\"secondReqKey\":\"itemKindCd\"}},{\"count\":1,\"selectedLabelText\":\"$undefined\",\"labelText\":\"잡뼈-한우암소\",\"isSelected\":false,\"withChipIcon\":\"$undefined\",\"inputType\":\"checkbox\",\"meta\":{\"allowMultiple\":true,\"resKey\":\"itemCatAgg\",\"code\":\"280,D000\",\"sectionId\":\"품목-3mkX3kPOHtf7guSPGBzQl\",\"group\":\"itemCatCd-itemKindCd\",\"id\":\"itemCatCd-itemKindCd-280,D000\"},\"payload\":{\"type\":\"multiple-code\",\"rawCode\":\"280,D000\",\"reqFormat\":\"comma\",\"firstReqKey\":\"itemCatCd\",\"secondReqKey\":\"itemKindCd\"}},{\"count\":1,\"selectedLabelText\":\"$undefined\",\"labelText\":\"갈비-한우거세\",\"isSelected\":false,\"withChipIcon\":\"$undefined\",\"inputType\":\"checkbox\",\"meta\":{\"allowMultiple\":true,\"resKey\":\"itemCatAgg\",\"code\":\"162,E000\",\"sectionId\":\"품목-3mkX3kPOHtf7guSPGBzQl\",\"group\":\"itemCatCd-itemKindCd\",\"id\":\"itemCatCd-itemKindCd-162,E000\"},\"payload\":{\"type\":\"multiple-code\",\"rawCode\":\"162,E000\",\"reqFormat\":\"comma\",\"firstReqKey\":\"itemCatCd\",\"secondReqKey\":\"itemKindCd\"}},{\"count\":16,\"selectedLabelText\":\"$undefined\",\"labelText\":\"목심-수입소\",\"isSelected\":false,\"withChipIcon\":\"$undefined\",\"inputType\":\"checkbox\",\"meta\":{\"allowMultiple\":true,\"resKey\":\"itemCatAgg\",\"code\":\"28,A000\",\"sectionId\":\"품목-3mkX3kPOHtf7guSPGBzQl\",\"group\":\"itemCatCd-itemKindCd\",\"id\":\"itemCatCd-itemKindCd-28,A000\"},\"payload\":{\"type\":\"multiple-code\",\"rawCode\":\"28,A000\",\"reqFormat\":\"comma\",\"firstReqKey\":\"itemCatCd\",\"secondReqKey\":\"itemKindCd\"}},{\"count\":1,\"selectedLabelText\":\"$undefined\",\"labelText\":\"채끝등심-한우거세\",\"isSelected\":false,\"withChipIcon\":\"$undefined\",\"inputType\":\"checkbox\",\"meta\":{\"allowMultiple\":true,\"resKey\":\"itemCatAgg\",\"code\":\"151,E000\",\"sectionId\":\"품목-3mkX3kPOHtf7guSPGBzQl\",\"group\":\"itemCatCd-itemKindCd\",\"id\":\"itemCatCd-itemKindCd-151,E000\"},\"payload\":{\"type\":\"multiple-code\",\"rawCode\":\"151,E000\",\"reqFormat\":\"comma\",\"firstReqKey\":\"itemCatCd\",\"secondReqKey\":\"itemKindCd\"}},{\"count\":6,\"selectedLabelText\":\"$undefined\",\"labelText\":\"등심-한우거세\",\"isSelected\":false,\"withChipIcon\":\"$undefined\",\"inputType\":\"checkbox\",\"meta\":{\"allowMultiple\":true,\"resKey\":\"itemCatAgg\",\"code\":\"149,E000\",\"sectionId\":\"품목-3mkX3kPOHtf7guSPGBzQl\",\"group\":\"itemCatCd-itemKindCd\",\"id\":\"itemCatCd-itemKindCd-149,E000\"},\"payload\":{\"type\":\"multiple-code\",\"rawCode\":\"149,E000\",\"reqFormat\":\"comma\",\"firstReqKey\":\"itemCatCd\",\"secondReqKey\":\"itemKindCd\"}},{\"count\":1,\"selectedLabelText\":\"$undefined\",\"labelText\":\"반골(꼬리제외)-한우거세\",\"isSelected\":false,\"withChipIcon\":\"$undefined\",\"inputType\":\"checkbox\",\"meta\":{\"allowMultiple\":true,\"resKey\":\"itemCatAgg\",\"code\":\"373,E000\",\"sectionId\":\"품목-3mkX3kPOHtf7guSPGBzQl\",\"group\":\"itemCatCd-itemKindCd\",\"id\":\"itemCatCd-itemKindCd-373,E000\"},\"payload\":{\"type\":\"multiple-code\",\"rawCode\":\"373,E000\",\"reqFormat\":\"comma\",\"firstReqKey\":\"itemCatCd\",\"secondReqKey\":\"itemKindCd\"}},{\"count\":38,\"selectedLabelText\":\"$undefined\",\"labelText\":\"LA갈비-수입소\",\"isSelected\":false,\"withChipIcon\":\"$undefined\",\"inputType\":\"checkbox\",\"meta\":{\"allowMultiple\":true,\"resKey\":\"itemCatAgg\",\"code\":\"357,A000\",\"sectionId\":\"품목-3mkX3kPOHtf7guSPGBzQl\",\"group\":\"itemCatCd-itemKindCd\",\"id\":\"itemCatCd-itemKindCd-357,A000\"},\"payload\":{\"type\":\"multiple-code\",\"rawCode\":\"357,A000\",\"reqFormat\":\"comma\",\"firstReqKey\":\"itemCatCd\",\"secondReqKey\":\"itemKindCd\"}},{\"count\":65,\"selectedLabelText\":\"$undefined\",\"labelText\":\"부채살-수입소\",\"isSelected\":false,\"withChipIcon\":\"$undefined\",\"inputType\":\"checkbox\",\"meta\":{\"allowMultiple\":true,\"resKey\":\"itemCatAgg\",\"code\":\"30,A000\",\"sectionId\":\"품목-3mkX3kPOHtf7guSPGBzQl\",\"group\":\"itemCatCd-itemKindCd\",\"id\":\"itemCatCd-itemKindCd-30,A000\"},\"payload\":{\"type\":\"multiple-code\",\"rawCode\":\"30,A000\",\"reqFormat\":\"comma\",\"firstReqKey\":\"itemCatCd\",\"secondReqKey\":\"itemKindCd\"}},{\"count\":18,\"selectedLabelText\":\"$undefined\",\"labelText\":\"홍두깨-수입소\",\"isSelected\":false,\"withChipIcon\":\"$undefined\",\"inputType\":\"checkbox\",\"meta\":{\"allowMultiple\":true,\"resKey\":\"itemCatAgg\",\"code\":\"47,A000\",\"sectionId\":\"품목-3mkX3kPOHtf7guSPGBzQl\",\"group\":\"itemCatCd-itemKindCd\",\"id\":\"itemCatCd-itemKindCd-47,A000\"},\"payload\":{\"type\":\"multiple-code\",\"rawCode\":\"47,A000\",\"reqFormat\":\"comma\",\"firstReqKey\":\"itemCatCd\",\"secondReqKey\":\"itemKindCd\"}},{\"count\":46,\"selectedLabelText\":\"$undefined\",\"labelText\":\"차돌양지-수입소\",\"isSelected\":false,\"withChipIcon\":\"$undefined\",\"inputType\":\"checkbox\",\"meta\":{\"allowMultiple\":true,\"resKey\":\"itemCatAgg\",\"code\":\"44,A000\",\"sectionId\":\"품목-3mkX3kPOHtf7guSPGBzQl\",\"group\":\"itemCatCd-itemKindCd\",\"id\":\"itemCatCd-itemKindCd-44,A000\"},\"payload\":{\"type\":\"multiple-code\",\"rawCode\":\"44,A000\",\"reqFormat\":\"comma\",\"firstReqKey\":\"itemCatCd\",\"secondReqKey\":\"itemKindCd\"}},{\"count\":5,\"selectedLabelText\":\"$undefined\",\"labelText\":\"헤드미트-수입소\",\"isSelected\":false,\"withChipIcon\":\"$undefined\",\"inputType\":\"checkbox\",\"meta\":{\"allowMultiple\":true,\"resKey\":\"itemCatAgg\",\"code\":\"113,A000\",\"sectionId\":\"품목-3mkX3kPOHtf7guSPGBzQl\",\"group\":\"itemCatCd-itemKindCd\",\"id\":\"itemCatCd-itemKindCd-113,A000\"},\"payload\":{\"type\":\"multiple-code\",\"rawCode\":\"113,A000\",\"reqFormat\":\"comma\",\"firstReqKey\":\"itemCatCd\",\"secondReqKey\":\"itemKindCd\"}},{\"count\":8,\"selectedLabelText\":\"$undefined\",\"labelText\":\"설도-수입소\",\"isSelected\":false,\"withChipIcon\":\"$undefined\",\"inputType\":\"checkbox\",\"meta\":{\"allowMultiple\":true,\"resKey\":\"itemCatAgg\",\"code\":\"33,A000\",\"sectionId\":\"품목-3mkX3kPOHtf7guSPGBzQl\",\"group\":\"itemCatCd-itemKindCd\",\"id\":\"itemCatCd-itemKindCd-33,A000\"},\"payload\":{\"type\":\"multiple-code\",\"rawCode\":\"33,A000\",\"reqFormat\":\"comma\",\"firstReqKey\":\"itemCatCd\",\"secondReqKey\":\"itemKindCd\"}},{\"count\":1,\"selectedLabelText\":\"$undefined\",\"labelText\":\"사골-한우암소\",\"isSelected\":false,\"withChipIcon\":\"$undefined\",\"inputType\":\"checkbox\",\"meta\":{\"allowMultiple\":true,\"resKey\":\"itemCatAgg\",\"code\":\"267,D000\",\"sectionId\":\"품목-3mkX3kPOHtf7guSPGBzQl\",\"group\":\"itemCatCd-itemKindCd\",\"id\":\"itemCatCd-itemKindCd-267,D000\"},\"payload\":{\"type\":\"multiple-code\",\"rawCode\":\"267,D000\",\"reqFormat\":\"comma\",\"firstReqKey\":\"itemCatCd\",\"secondReqKey\":\"itemKindCd\"}},{\"count\":1,\"selectedLabelText\":\"$undefined\",\"labelText\":\"우족-수입소\",\"isSelected\":false,\"withChipIcon\":\"$undefined\",\"inputType\":\"checkbox\",\"meta\":{\"allowMultiple\":true,\"resKey\":\"itemCatAgg\",\"code\":\"41,A000\",\"sectionId\":\"품목-3mkX3kPOHtf7guSPGBzQl\",\"group\":\"itemCatCd-itemKindCd\",\"id\":\"itemCatCd-itemKindCd-41,A000\"},\"payload\":{\"type\":\"multiple-code\",\"rawCode\":\"41,A000\",\"reqFormat\":\"comma\",\"firstReqKey\":\"itemCatCd\",\"secondReqKey\":\"itemKindCd\"}},{\"count\":1,\"selectedLabelText\":\"$undefined\",\"labelText\":\"반골(꼬리제외)-한우암소\",\"isSelected\":false,\"withChipIcon\":\"$undefined\",\"inputType\":\"checkbox\",\"meta\":{\"allowMultiple\":true,\"resKey\":\"itemCatAgg\",\"code\":\"398,D000\",\"sectionId\":\"품목-3mkX3kPOHtf7guSPGBzQl\",\"group\":\"itemCatCd-itemKindCd\",\"id\":\"itemCatCd-itemKindCd-398,D000\"},\"payload\":{\"type\":\"multiple-code\",\"rawCode\":\"398,D000\",\"reqFormat\":\"comma\",\"firstReqKey\":\"itemCatCd\",\"secondReqKey\":\"itemKindCd\"}},{\"count\":1,\"selectedLabelText\":\"$undefined\",\"labelText\":\"토마호크(뼈등심)-수입소\",\"isSelected\":false,\"withChipIcon\":\"$undefined\",\"inputType\":\"checkbox\",\"meta\":{\"allowMultiple\":true,\"resKey\":\"itemCatAgg\",\"code\":\"4042,A000\",\"sectionId\":\"품목-3mkX3kPOHtf7guSPGBzQl\",\"group\":\"itemCatCd-itemKindCd\",\"id\":\"itemCatCd-itemKindCd-4042,A000\"},\"payload\":{\"type\":\"multiple-code\",\"rawCode\":\"4042,A000\",\"reqFormat\":\"comma\",\"firstReqKey\":\"itemCatCd\",\"secondReqKey\":\"itemKindCd\"}},{\"count\":2,\"selectedLabelText\":\"$undefined\",\"labelText\":\"끝목심/넥미트-수입소\",\"isSelected\":false,\"withChipIcon\":\"$undefined\",\"inputType\":\"checkbox\",\"meta\":{\"allowMultiple\":true,\"resKey\":\"itemCatAgg\",\"code\":\"516,A000\",\"sectionId\":\"품목-3mkX3kPOHtf7guSPGBzQl\",\"group\":\"itemCatCd-itemKindCd\",\"id\":\"itemCatCd-itemKindCd-516,A000\"},\"payload\":{\"type\":\"multiple-code\",\"rawCode\":\"516,A000\",\"reqFormat\":\"comma\",\"firstReqKey\":\"itemCatCd\",\"secondReqKey\":\"itemKindCd\"}},{\"count\":4,\"selectedLabelText\":\"$undefined\",\"labelText\":\"갈비-한우암소\",\"isSelected\":false,\"withChipIcon\":\"$undefined\",\"inputType\":\"checkbox\",\"meta\":{\"allowMultiple\":true,\"resKey\":\"itemCatAgg\",\"code\":\"261,D000\",\"sectionId\":\"품목-3mkX3kPOHtf7guSPGBzQl\",\"group\":\"itemCatCd-itemKindCd\",\"id\":\"itemCatCd-itemKindCd-261,D000\"},\"payload\":{\"type\":\"multiple-code\",\"rawCode\":\"261,D000\",\"reqFormat\":\"comma\",\"firstReqKey\":\"itemCatCd\",\"secondReqKey\":\"itemKindCd\"}}],\"inputType\":\"checkbox\",\"allowMultiple\":true,\"displayCount\":true,\"displayZero\":true,\"showMoreThreshold\":{\"desktop\":5,\"mobile\":5},\"showMoreMode\":\"popup\",\"reqFormat\":\"comma\",\"excludeIfSectionItemIsLessThan\":2,\"title\":\"품목\",\"itemConfigs\":[{\"type\":\"multiple-code\",\"resKey\":\"itemCatAgg\",\"firstToReqKey\":\"itemCatCd\",\"secondToReqKey\":\"itemKindCd\",\"inputType\":\"checkbox\"}]},{\"modalSelectionSyncMode\":\"onCommit\",\"id\":\"보관방법-T-D8-868pXOoS5jOBOG1X\",\"parentId\":\"$undefined\",\"type\":\"list\",\"items\":[{\"count\":423,\"selectedLabelText\":\"$undefined\",\"labelText\":\"냉동\",\"isSelected\":false,\"withChipIcon\":\"$undefined\",\"inputType\":\"button\",\"meta\":{\"allowMultiple\":true,\"resKey\":\"keepingAgg\",\"code\":\"F002\",\"sectionId\":\"보관방법-T-D8-868pXOoS5jOBOG1X\",\"group\":\"keepingCd\",\"id\":\"keepingCd-F002\"},\"payload\":{\"type\":\"single-code\",\"group\":\"keepingCd\",\"reqFormat\":\"comma\",\"reqCode\":\"F002\"}},{\"count\":12,\"selectedLabelText\":\"$undefined\",\"labelText\":\"냉장\",\"isSelected\":false,\"withChipIcon\":\"$undefined\",\"inputType\":\"button\",\"meta\":{\"allowMultiple\":true,\"resKey\":\"keepingAgg\",\"code\":\"F001\",\"sectionId\":\"보관방법-T-D8-868pXOoS5jOBOG1X\",\"group\":\"keepingCd\",\"id\":\"keepingCd-F001\"},\"payload\":{\"type\":\"single-code\",\"group\":\"keepingCd\",\"reqFormat\":\"comma\",\"reqCode\":\"F001\"}}],\"inputType\":\"button\",\"allowMultiple\":true,\"displayCount\":true,\"displayZero\":true,\"showMoreThreshold\":\"$17\",\"showMoreMode\":\"expand\",\"reqFormat\":\"comma\",\"excludeIfSectionItemIsLessThan\":2,\"title\":\"보관방법\",\"itemConfigs\":[{\"type\":\"single-code\",\"inputType\":\"button\",\"resKey\":\"keepingAgg\",\"reqKey\":\"keepingCd\",\"codeDisplayOrder\":[\"F002\",\"F001\",\"F003\",\"F004\"]}]},{\"modalSelectionSyncMode\":\"onCommit\",\"id\":\"축종-QcAmoBGmw-s-KukLu_0PZ\",\"parentId\":\"$undefined\",\"type\":\"list\",\"items\":[{\"count\":408,\"selectedLabelText\":\"$undefined\",\"labelText\":\"수입소\",\"isSelected\":false,\"withChipIcon\":\"$undefined\",\"inputType\":\"checkbox\",\"meta\":{\"allowMultiple\":true,\"resKey\":\"itemKindAgg\",\"code\":\"A000\",\"sectionId\":\"축종-QcAmoBGmw-s-KukLu_0PZ\",\"group\":\"itemKindCd\",\"id\":\"itemKindCd-A000\"},\"payload\":{\"type\":\"single-code\",\"group\":\"itemKindCd\",\"reqFormat\":\"comma\",\"reqCode\":\"A000\"}},{\"count\":10,\"selectedLabelText\":\"$undefined\",\"labelText\":\"한우암소\",\"isSelected\":false,\"withChipIcon\":\"$undefined\",\"inputType\":\"checkbox\",\"meta\":{\"allowMultiple\":true,\"resKey\":\"itemKindAgg\",\"code\":\"D000\",\"sectionId\":\"축종-QcAmoBGmw-s-KukLu_0PZ\",\"group\":\"itemKindCd\",\"id\":\"itemKindCd-D000\"},\"payload\":{\"type\":\"single-code\",\"group\":\"itemKindCd\",\"reqFormat\":\"comma\",\"reqCode\":\"D000\"}},{\"count\":17,\"selectedLabelText\":\"$undefined\",\"labelText\":\"한우거세\",\"isSelected\":false,\"withChipIcon\":\"$undefined\",\"inputType\":\"checkbox\",\"meta\":{\"allowMultiple\":true,\"resKey\":\"itemKindAgg\",\"code\":\"E000\",\"sectionId\":\"축종-QcAmoBGmw-s-KukLu_0PZ\",\"group\":\"itemKindCd\",\"id\":\"itemKindCd-E000\"},\"payload\":{\"type\":\"single-code\",\"group\":\"itemKindCd\",\"reqFormat\":\"comma\",\"reqCode\":\"E000\"}}],\"inputType\":\"checkbox\",\"allowMultiple\":true,\"displayCount\":true,\"displayZero\":true,\"showMoreThreshold\":\"$17\",\"showMoreMode\":\"expand\",\"reqFormat\":\"comma\",\"excludeIfSectionItemIsLessThan\":2,\"title\":\"축종\",\"itemConfigs\":[{\"type\":\"single-code\",\"resKey\":\"itemKindAgg\",\"reqKey\":\"itemKindCd\",\"inputType\":\"checkbox\"}]},{\"modalSelectionSyncMode\":\"onCommit\",\"id\":\"원산지-xyqjaw15TOQYNGa-xF9Te\",\"parentId\":\"$undefined\",\"type\":\"list\",\"items\":[{\"count\":2,\"selectedLabelText\":\"$undefined\",\"labelText\":\"뉴질랜드\",\"isSelected\":false,\"withChipIcon\":\"$undefined\",\"inputType\":\"checkbox\",\"meta\":{\"allowMultiple\":true,\"resKey\":\"originAgg\",\"code\":\"E005\",\"sectionId\":\"원산지-xyqjaw15TOQYNGa-xF9Te\",\"group\":\"originCd\",\"id\":\"originCd-E005\"},\"payload\":{\"type\":\"single-code\",\"group\":\"originCd\",\"reqFormat\":\"comma\",\"reqCode\":\"E005\"}},{\"count\":1,\"selectedLabelText\":\"$undefined\",\"labelText\":\"멕시코\",\"isSelected\":false,\"withChipIcon\":\"$undefined\",\"inputType\":\"checkbox\",\"meta\":{\"allowMultiple\":true,\"resKey\":\"originAgg\",\"code\":\"E012\",\"sectionId\":\"원산지-xyqjaw15TOQYNGa-xF9Te\",\"group\":\"originCd\",\"id\":\"originCd-E012\"},\"payload\":{\"type\":\"single-code\",\"group\":\"originCd\",\"reqFormat\":\"comma\",\"reqCode\":\"E012\"}},{\"count\":27,\"selectedLabelText\":\"$undefined\",\"labelText\":\"국산\",\"isSelected\":false,\"withChipIcon\":\"$undefined\",\"inputType\":\"checkbox\",\"meta\":{\"allowMultiple\":true,\"resKey\":\"originAgg\",\"code\":\"E001\",\"sectionId\":\"원산지-xyqjaw15TOQYNGa-xF9Te\",\"group\":\"originCd\",\"id\":\"originCd-E001\"},\"payload\":{\"type\":\"single-code\",\"group\":\"originCd\",\"reqFormat\":\"comma\",\"reqCode\":\"E001\"}},{\"count\":204,\"selectedLabelText\":\"$undefined\",\"labelText\":\"미국\",\"isSelected\":false,\"withChipIcon\":\"$undefined\",\"inputType\":\"checkbox\",\"meta\":{\"allowMultiple\":true,\"resKey\":\"originAgg\",\"code\":\"E002\",\"sectionId\":\"원산지-xyqjaw15TOQYNGa-xF9Te\",\"group\":\"originCd\",\"id\":\"originCd-E002\"},\"payload\":{\"type\":\"single-code\",\"group\":\"originCd\",\"reqFormat\":\"comma\",\"reqCode\":\"E002\"}},{\"count\":198,\"selectedLabelText\":\"$undefined\",\"labelText\":\"호주\",\"isSelected\":false,\"withChipIcon\":\"$undefined\",\"inputType\":\"checkbox\",\"meta\":{\"allowMultiple\":true,\"resKey\":\"originAgg\",\"code\":\"E003\",\"sectionId\":\"원산지-xyqjaw15TOQYNGa-xF9Te\",\"group\":\"originCd\",\"id\":\"originCd-E003\"},\"payload\":{\"type\":\"single-code\",\"group\":\"originCd\",\"reqFormat\":\"comma\",\"reqCode\":\"E003\"}},{\"count\":3,\"selectedLabelText\":\"$undefined\",\"labelText\":\"칠레\",\"isSelected\":false,\"withChipIcon\":\"$undefined\",\"inputType\":\"checkbox\",\"meta\":{\"allowMultiple\":true,\"resKey\":\"originAgg\",\"code\":\"E004\",\"sectionId\":\"원산지-xyqjaw15TOQYNGa-xF9Te\",\"group\":\"originCd\",\"id\":\"originCd-E004\"},\"payload\":{\"type\":\"single-code\",\"group\":\"originCd\",\"reqFormat\":\"comma\",\"reqCode\":\"E004\"}}],\"inputType\":\"checkbox\",\"allowMultiple\":true,\"displayCount\":true,\"displayZero\":true,\"showMoreThreshold\":\"$17\",\"showMoreMode\":\"popup\",\"reqFormat\":\"comma\",\"excludeIfSectionItemIsLessThan\":2,\"title\":\"원산지\",\"itemConfigs\":[{\"type\":\"single-code\",\"resKey\":\"originAgg\",\"reqKey\":\"originCd\",\"inputType\":\"checkbox\"}]},{\"modalSelectionSyncMode\":\"onCommit\",\"id\":\"브랜드-bQePOTkDI-V2F7kxXbPgU\",\"parentId\":\"$undefined\",\"type\":\"list\",\"items\":[{\"count\":20,\"selectedLabelText\":\"$undefined\",\"labelText\":\"당당한컷(소)\",\"isSelected\":false,\"withChipIcon\":\"$undefined\",\"inputType\":\"checkbox\",\"meta\":{\"allowMultiple\":true,\"resKey\":\"brandAgg\",\"code\":\"C986\",\"sectionId\":\"브랜드-bQePOTkDI-V2F7kxXbPgU\",\"group\":\"brandCd\",\"id\":\"brandCd-C986\"},\"payload\":{\"type\":\"single-code\",\"group\":\"brandCd\",\"reqFormat\":\"comma\",\"reqCode\":\"C986\"}},{\"count\":11,\"selectedLabelText\":\"$undefined\",\"labelText\":\"스위프트(블랙앵거스)\",\"isSelected\":false,\"withChipIcon\":\"$undefined\",\"inputType\":\"checkbox\",\"meta\":{\"allowMultiple\":true,\"resKey\":\"brandAgg\",\"code\":\"C821\",\"sectionId\":\"브랜드-bQePOTkDI-V2F7kxXbPgU\",\"group\":\"brandCd\",\"id\":\"brandCd-C821\"},\"payload\":{\"type\":\"single-code\",\"group\":\"brandCd\",\"reqFormat\":\"comma\",\"reqCode\":\"C821\"}},{\"count\":6,\"selectedLabelText\":\"$undefined\",\"labelText\":\"신선P\u0026F\",\"isSelected\":false,\"withChipIcon\":\"$undefined\",\"inputType\":\"checkbox\",\"meta\":{\"allowMultiple\":true,\"resKey\":\"brandAgg\",\"code\":\"C722\",\"sectionId\":\"브랜드-bQePOTkDI-V2F7kxXbPgU\",\"group\":\"brandCd\",\"id\":\"brandCd-C722\"},\"payload\":{\"type\":\"single-code\",\"group\":\"brandCd\",\"reqFormat\":\"comma\",\"reqCode\":\"C722\"}},{\"count\":2,\"selectedLabelText\":\"$undefined\",\"labelText\":\"얼라이언스\",\"isSelected\":false,\"withChipIcon\":\"$undefined\",\"inputType\":\"checkbox\",\"meta\":{\"allowMultiple\":true,\"resKey\":\"brandAgg\",\"code\":\"C028\",\"sectionId\":\"브랜드-bQePOTkDI-V2F7kxXbPgU\",\"group\":\"brandCd\",\"id\":\"brandCd-C028\"},\"payload\":{\"type\":\"single-code\",\"group\":\"brandCd\",\"reqFormat\":\"comma\",\"reqCode\":\"C028\"}},{\"count\":12,\"selectedLabelText\":\"$undefined\",\"labelText\":\"티스\",\"isSelected\":false,\"withChipIcon\":\"$undefined\",\"inputType\":\"checkbox\",\"meta\":{\"allowMultiple\":true,\"resKey\":\"brandAgg\",\"code\":\"C048\",\"sectionId\":\"브랜드-bQePOTkDI-V2F7kxXbPgU\",\"group\":\"brandCd\",\"id\":\"brandCd-C048\"},\"payload\":{\"type\":\"single-code\",\"group\":\"brandCd\",\"reqFormat\":\"comma\",\"reqCode\":\"C048\"}},{\"count\":4,\"selectedLabelText\":\"$undefined\",\"labelText\":\"샘케인/STX\",\"isSelected\":false,\"withChipIcon\":\"$undefined\",\"inputType\":\"checkbox\",\"meta\":{\"allowMultiple\":true,\"resKey\":\"brandAgg\",\"code\":\"C166\",\"sectionId\":\"브랜드-bQePOTkDI-V2F7kxXbPgU\",\"group\":\"brandCd\",\"id\":\"brandCd-C166\"},\"payload\":{\"type\":\"single-code\",\"group\":\"brandCd\",\"reqFormat\":\"comma\",\"reqCode\":\"C166\"}},{\"count\":1,\"selectedLabelText\":\"$undefined\",\"labelText\":\"동명F\u0026B\",\"isSelected\":false,\"withChipIcon\":\"$undefined\",\"inputType\":\"checkbox\",\"meta\":{\"allowMultiple\":true,\"resKey\":\"brandAgg\",\"code\":\"C584\",\"sectionId\":\"브랜드-bQePOTkDI-V2F7kxXbPgU\",\"group\":\"brandCd\",\"id\":\"brandCd-C584\"},\"payload\":{\"type\":\"single-code\",\"group\":\"brandCd\",\"reqFormat\":\"comma\",\"reqCode\":\"C584\"}},{\"count\":83,\"selectedLabelText\":\"$undefined\",\"labelText\":\"엑셀\",\"isSelected\":false,\"withChipIcon\":\"$undefined\",\"inputType\":\"checkbox\",\"meta\":{\"allowMultiple\":true,\"resKey\":\"brandAgg\",\"code\":\"C001\",\"sectionId\":\"브랜드-bQePOTkDI-V2F7kxXbPgU\",\"group\":\"brandCd\",\"id\":\"brandCd-C001\"},\"payload\":{\"type\":\"single-code\",\"group\":\"brandCd\",\"reqFormat\":\"comma\",\"reqCode\":\"C001\"}},{\"count\":37,\"selectedLabelText\":\"$undefined\",\"labelText\":\"스위프트\",\"isSelected\":false,\"withChipIcon\":\"$undefined\",\"inputType\":\"checkbox\",\"meta\":{\"allowMultiple\":true,\"resKey\":\"brandAgg\",\"code\":\"C045\",\"sectionId\":\"브랜드-bQePOTkDI-V2F7kxXbPgU\",\"group\":\"brandCd\",\"id\":\"brandCd-C045\"},\"payload\":{\"type\":\"single-code\",\"group\":\"brandCd\",\"reqFormat\":\"comma\",\"reqCode\":\"C045\"}},{\"count\":1,\"selectedLabelText\":\"$undefined\",\"labelText\":\"랄프\",\"isSelected\":false,\"withChipIcon\":\"$undefined\",\"inputType\":\"checkbox\",\"meta\":{\"allowMultiple\":true,\"resKey\":\"brandAgg\",\"code\":\"C461\",\"sectionId\":\"브랜드-bQePOTkDI-V2F7kxXbPgU\",\"group\":\"brandCd\",\"id\":\"brandCd-C461\"},\"payload\":{\"type\":\"single-code\",\"group\":\"brandCd\",\"reqFormat\":\"comma\",\"reqCode\":\"C461\"}},{\"count\":1,\"selectedLabelText\":\"$undefined\",\"labelText\":\"오마하\",\"isSelected\":false,\"withChipIcon\":\"$undefined\",\"inputType\":\"checkbox\",\"meta\":{\"allowMultiple\":true,\"resKey\":\"brandAgg\",\"code\":\"C042\",\"sectionId\":\"브랜드-bQePOTkDI-V2F7kxXbPgU\",\"group\":\"brandCd\",\"id\":\"brandCd-C042\"},\"payload\":{\"type\":\"single-code\",\"group\":\"brandCd\",\"reqFormat\":\"comma\",\"reqCode\":\"C042\"}},{\"count\":7,\"selectedLabelText\":\"$undefined\",\"labelText\":\"NBP\",\"isSelected\":false,\"withChipIcon\":\"$undefined\",\"inputType\":\"checkbox\",\"meta\":{\"allowMultiple\":true,\"resKey\":\"brandAgg\",\"code\":\"C040\",\"sectionId\":\"브랜드-bQePOTkDI-V2F7kxXbPgU\",\"group\":\"brandCd\",\"id\":\"brandCd-C040\"},\"payload\":{\"type\":\"single-code\",\"group\":\"brandCd\",\"reqFormat\":\"comma\",\"reqCode\":\"C040\"}},{\"count\":29,\"selectedLabelText\":\"$undefined\",\"labelText\":\"육마트(키로육)\",\"isSelected\":false,\"withChipIcon\":\"$undefined\",\"inputType\":\"checkbox\",\"meta\":{\"allowMultiple\":true,\"resKey\":\"brandAgg\",\"code\":\"CAEF\",\"sectionId\":\"브랜드-bQePOTkDI-V2F7kxXbPgU\",\"group\":\"brandCd\",\"id\":\"brandCd-CAEF\"},\"payload\":{\"type\":\"single-code\",\"group\":\"brandCd\",\"reqFormat\":\"comma\",\"reqCode\":\"CAEF\"}},{\"count\":1,\"selectedLabelText\":\"$undefined\",\"labelText\":\"구시\",\"isSelected\":false,\"withChipIcon\":\"$undefined\",\"inputType\":\"checkbox\",\"meta\":{\"allowMultiple\":true,\"resKey\":\"brandAgg\",\"code\":\"C836\",\"sectionId\":\"브랜드-bQePOTkDI-V2F7kxXbPgU\",\"group\":\"brandCd\",\"id\":\"brandCd-C836\"},\"payload\":{\"type\":\"single-code\",\"group\":\"brandCd\",\"reqFormat\":\"comma\",\"reqCode\":\"C836\"}},{\"count\":2,\"selectedLabelText\":\"$undefined\",\"labelText\":\"미드필드\",\"isSelected\":false,\"withChipIcon\":\"$undefined\",\"inputType\":\"checkbox\",\"meta\":{\"allowMultiple\":true,\"resKey\":\"brandAgg\",\"code\":\"C219\",\"sectionId\":\"브랜드-bQePOTkDI-V2F7kxXbPgU\",\"group\":\"brandCd\",\"id\":\"brandCd-C219\"},\"payload\":{\"type\":\"single-code\",\"group\":\"brandCd\",\"reqFormat\":\"comma\",\"reqCode\":\"C219\"}},{\"count\":20,\"selectedLabelText\":\"$undefined\",\"labelText\":\"꿈에그린한우\",\"isSelected\":false,\"withChipIcon\":\"$undefined\",\"inputType\":\"checkbox\",\"meta\":{\"allowMultiple\":true,\"resKey\":\"brandAgg\",\"code\":\"C659\",\"sectionId\":\"브랜드-bQePOTkDI-V2F7kxXbPgU\",\"group\":\"brandCd\",\"id\":\"brandCd-C659\"},\"payload\":{\"type\":\"single-code\",\"group\":\"brandCd\",\"reqFormat\":\"comma\",\"reqCode\":\"C659\"}},{\"count\":1,\"selectedLabelText\":\"$undefined\",\"labelText\":\"GREENSTOCK/울워스\",\"isSelected\":false,\"withChipIcon\":\"$undefined\",\"inputType\":\"checkbox\",\"meta\":{\"allowMultiple\":true,\"resKey\":\"brandAgg\",\"code\":\"C835\",\"sectionId\":\"브랜드-bQePOTkDI-V2F7kxXbPgU\",\"group\":\"brandCd\",\"id\":\"brandCd-C835\"},\"payload\":{\"type\":\"single-code\",\"group\":\"brandCd\",\"reqFormat\":\"comma\",\"reqCode\":\"C835\"}},{\"count\":10,\"selectedLabelText\":\"$undefined\",\"labelText\":\"오키\",\"isSelected\":false,\"withChipIcon\":\"$undefined\",\"inputType\":\"checkbox\",\"meta\":{\"allowMultiple\":true,\"resKey\":\"brandAgg\",\"code\":\"C119\",\"sectionId\":\"브랜드-bQePOTkDI-V2F7kxXbPgU\",\"group\":\"brandCd\",\"id\":\"brandCd-C119\"},\"payload\":{\"type\":\"single-code\",\"group\":\"brandCd\",\"reqFormat\":\"comma\",\"reqCode\":\"C119\"}},{\"count\":3,\"selectedLabelText\":\"$undefined\",\"labelText\":\"프리고오소노\",\"isSelected\":false,\"withChipIcon\":\"$undefined\",\"inputType\":\"checkbox\",\"meta\":{\"allowMultiple\":true,\"resKey\":\"brandAgg\",\"code\":\"C711\",\"sectionId\":\"브랜드-bQePOTkDI-V2F7kxXbPgU\",\"group\":\"brandCd\",\"id\":\"brandCd-C711\"},\"payload\":{\"type\":\"single-code\",\"group\":\"brandCd\",\"reqFormat\":\"comma\",\"reqCode\":\"C711\"}},{\"count\":21,\"selectedLabelText\":\"$undefined\",\"labelText\":\"당당한컷\",\"isSelected\":false,\"withChipIcon\":\"$undefined\",\"inputType\":\"checkbox\",\"meta\":{\"allowMultiple\":true,\"resKey\":\"brandAgg\",\"code\":\"C898\",\"sectionId\":\"브랜드-bQePOTkDI-V2F7kxXbPgU\",\"group\":\"brandCd\",\"id\":\"brandCd-C898\"},\"payload\":{\"type\":\"single-code\",\"group\":\"brandCd\",\"reqFormat\":\"comma\",\"reqCode\":\"C898\"}},{\"count\":2,\"selectedLabelText\":\"$undefined\",\"labelText\":\"그린햄\",\"isSelected\":false,\"withChipIcon\":\"$undefined\",\"inputType\":\"checkbox\",\"meta\":{\"allowMultiple\":true,\"resKey\":\"brandAgg\",\"code\":\"C116\",\"sectionId\":\"브랜드-bQePOTkDI-V2F7kxXbPgU\",\"group\":\"brandCd\",\"id\":\"brandCd-C116\"},\"payload\":{\"type\":\"single-code\",\"group\":\"brandCd\",\"reqFormat\":\"comma\",\"reqCode\":\"C116\"}},{\"count\":5,\"selectedLabelText\":\"$undefined\",\"labelText\":\"오키(블랙앵거스)\",\"isSelected\":false,\"withChipIcon\":\"$undefined\",\"inputType\":\"checkbox\",\"meta\":{\"allowMultiple\":true,\"resKey\":\"brandAgg\",\"code\":\"C830\",\"sectionId\":\"브랜드-bQePOTkDI-V2F7kxXbPgU\",\"group\":\"brandCd\",\"id\":\"brandCd-C830\"},\"payload\":{\"type\":\"single-code\",\"group\":\"brandCd\",\"reqFormat\":\"comma\",\"reqCode\":\"C830\"}},{\"count\":6,\"selectedLabelText\":\"$undefined\",\"labelText\":\"그린마운틴\",\"isSelected\":false,\"withChipIcon\":\"$undefined\",\"inputType\":\"checkbox\",\"meta\":{\"allowMultiple\":true,\"resKey\":\"brandAgg\",\"code\":\"C456\",\"sectionId\":\"브랜드-bQePOTkDI-V2F7kxXbPgU\",\"group\":\"brandCd\",\"id\":\"brandCd-C456\"},\"payload\":{\"type\":\"single-code\",\"group\":\"brandCd\",\"reqFormat\":\"comma\",\"reqCode\":\"C456\"}},{\"count\":21,\"selectedLabelText\":\"$undefined\",\"labelText\":\"IBP\",\"isSelected\":false,\"withChipIcon\":\"$undefined\",\"inputType\":\"checkbox\",\"meta\":{\"allowMultiple\":true,\"resKey\":\"brandAgg\",\"code\":\"C037\",\"sectionId\":\"브랜드-bQePOTkDI-V2F7kxXbPgU\",\"group\":\"brandCd\",\"id\":\"brandCd-C037\"},\"payload\":{\"type\":\"single-code\",\"group\":\"brandCd\",\"reqFormat\":\"comma\",\"reqCode\":\"C037\"}},{\"count\":86,\"selectedLabelText\":\"$undefined\",\"labelText\":\"AMH\",\"isSelected\":false,\"withChipIcon\":\"$undefined\",\"inputType\":\"checkbox\",\"meta\":{\"allowMultiple\":true,\"resKey\":\"brandAgg\",\"code\":\"C014\",\"sectionId\":\"브랜드-bQePOTkDI-V2F7kxXbPgU\",\"group\":\"brandCd\",\"id\":\"brandCd-C014\"},\"payload\":{\"type\":\"single-code\",\"group\":\"brandCd\",\"reqFormat\":\"comma\",\"reqCode\":\"C014\"}},{\"count\":1,\"selectedLabelText\":\"$undefined\",\"labelText\":\"엑셀(PSA/앵거스)\",\"isSelected\":false,\"withChipIcon\":\"$undefined\",\"inputType\":\"checkbox\",\"meta\":{\"allowMultiple\":true,\"resKey\":\"brandAgg\",\"code\":\"C495\",\"sectionId\":\"브랜드-bQePOTkDI-V2F7kxXbPgU\",\"group\":\"brandCd\",\"id\":\"brandCd-C495\"},\"payload\":{\"type\":\"single-code\",\"group\":\"brandCd\",\"reqFormat\":\"comma\",\"reqCode\":\"C495\"}},{\"count\":4,\"selectedLabelText\":\"$undefined\",\"labelText\":\"AFG\",\"isSelected\":false,\"withChipIcon\":\"$undefined\",\"inputType\":\"checkbox\",\"meta\":{\"allowMultiple\":true,\"resKey\":\"brandAgg\",\"code\":\"C032\",\"sectionId\":\"브랜드-bQePOTkDI-V2F7kxXbPgU\",\"group\":\"brandCd\",\"id\":\"brandCd-C032\"},\"payload\":{\"type\":\"single-code\",\"group\":\"brandCd\",\"reqFormat\":\"comma\",\"reqCode\":\"C032\"}},{\"count\":2,\"selectedLabelText\":\"$undefined\",\"labelText\":\"잭스크리크\",\"isSelected\":false,\"withChipIcon\":\"$undefined\",\"inputType\":\"checkbox\",\"meta\":{\"allowMultiple\":true,\"resKey\":\"brandAgg\",\"code\":\"C075\",\"sectionId\":\"브랜드-bQePOTkDI-V2F7kxXbPgU\",\"group\":\"brandCd\",\"id\":\"brandCd-C075\"},\"payload\":{\"type\":\"single-code\",\"group\":\"brandCd\",\"reqFormat\":\"comma\",\"reqCode\":\"C075\"}},{\"count\":36,\"selectedLabelText\":\"$undefined\",\"labelText\":\"킬코이\",\"isSelected\":false,\"withChipIcon\":\"$undefined\",\"inputType\":\"checkbox\",\"meta\":{\"allowMultiple\":true,\"resKey\":\"brandAgg\",\"code\":\"C052\",\"sectionId\":\"브랜드-bQePOTkDI-V2F7kxXbPgU\",\"group\":\"brandCd\",\"id\":\"brandCd-C052\"},\"payload\":{\"type\":\"single-code\",\"group\":\"brandCd\",\"reqFormat\":\"comma\",\"reqCode\":\"C052\"}}],\"inputType\":\"checkbox\",\"allowMultiple\":true,\"displayCount\":true,\"displayZero\":true,\"showMoreThreshold\":\"$17\",\"showMoreMode\":\"popup\",\"reqFormat\":\"comma\",\"excludeIfSectionItemIsLessThan\":2,\"title\":\"브랜드\",\"itemConfigs\":[{\"type\":\"single-code\",\"resKey\":\"brandAgg\",\"reqKey\":\"brandCd\",\"inputType\":\"checkbox\"}]},{\"modalSelectionSyncMode\":\"onCommit\",\"id\":\"평점-mK13OWSPLwiXYtdxmQqF0\",\"parentId\":\"$undefined\",\"type\":\"list\",\"items\":[{\"count\":189,\"selectedLabelText\":\"$undefined\",\"labelText\":\"4점 이상\",\"isSelected\":false,\"withChipIcon\":\"$undefined\",\"inputType\":\"button\",\"meta\":{\"allowMultiple\":false,\"resKey\":\"RAT00Agg\",\"code\":\"RAT04\",\"sectionId\":\"평점-mK13OWSPLwiXYtdxmQqF0\",\"group\":\"RAT00Agg\",\"id\":\"RAT00Agg-4-999999999-VgbHmYIfSYQkjo_IGEWSQ\"},\"payload\":{\"type\":\"range-code\",\"perUnitReqKey\":\"$undefined\",\"perUnitReqCode\":\"$undefined\",\"rangeReqKey\":\"rangeStarPoint\",\"startValue\":4,\"endValue\":999999999,\"rangeSuffix\":\"\",\"rangeLabel\":\"$undefined\"}}],\"inputType\":\"checkbox\",\"allowMultiple\":false,\"displayCount\":false,\"displayZero\":true,\"showMoreThreshold\":\"$17\",\"showMoreMode\":\"expand\",\"reqFormat\":\"comma\",\"excludeIfSectionItemIsLessThan\":1,\"title\":\"평점\",\"itemConfigs\":[{\"type\":\"range-code\",\"resKey\":\"RAT00Agg\",\"rangeReqKey\":\"rangeStarPoint\",\"inputType\":\"button\",\"excludeCodes\":[\"RAT01\",\"RAT02\",\"RAT03\"]}]},{\"modalSelectionSyncMode\":\"onCommit\",\"id\":\"배송-oYstRtF1AopgpKZUNe5CD\",\"parentId\":\"$undefined\",\"type\":\"list\",\"items\":[{\"count\":29,\"selectedLabelText\":\"$undefined\",\"labelText\":\"육마트배송\",\"isSelected\":false,\"withChipIcon\":true,\"inputType\":\"checkbox\",\"meta\":{\"allowMultiple\":true,\"resKey\":\"deliveryTypeAgg\",\"code\":\"DTP08\",\"sectionId\":\"배송-oYstRtF1AopgpKZUNe5CD\",\"group\":\"deliveryTypeCd\",\"id\":\"deliveryTypeCd-DTP08\"},\"payload\":{\"type\":\"single-code\",\"group\":\"deliveryTypeCd\",\"reqFormat\":\"comma\",\"reqCode\":\"DTP08\"}},{\"count\":291,\"selectedLabelText\":\"$undefined\",\"labelText\":\"신선배송\",\"isSelected\":false,\"withChipIcon\":true,\"inputType\":\"checkbox\",\"meta\":{\"allowMultiple\":true,\"resKey\":\"deliveryTypeAgg\",\"code\":\"DTP01\",\"sectionId\":\"배송-oYstRtF1AopgpKZUNe5CD\",\"group\":\"deliveryTypeCd\",\"id\":\"deliveryTypeCd-DTP01\"},\"payload\":{\"type\":\"single-code\",\"group\":\"deliveryTypeCd\",\"reqFormat\":\"comma\",\"reqCode\":\"DTP01\"}},{\"count\":115,\"selectedLabelText\":\"$undefined\",\"labelText\":\"택배\",\"isSelected\":false,\"withChipIcon\":true,\"inputType\":\"checkbox\",\"meta\":{\"allowMultiple\":true,\"resKey\":\"deliveryTypeAgg\",\"code\":\"DTP04\",\"sectionId\":\"배송-oYstRtF1AopgpKZUNe5CD\",\"group\":\"deliveryTypeCd\",\"id\":\"deliveryTypeCd-DTP04\"},\"payload\":{\"type\":\"single-code\",\"group\":\"deliveryTypeCd\",\"reqFormat\":\"comma\",\"reqCode\":\"DTP04\"}}],\"inputType\":\"checkbox\",\"allowMultiple\":true,\"displayCount\":true,\"displayZero\":true,\"showMoreThreshold\":\"$17\",\"showMoreMode\":\"expand\",\"reqFormat\":\"comma\",\"excludeIfSectionItemIsLessThan\":2,\"title\":\"배송\",\"prioritizeResCodes\":[{\"resKey\":\"deliveryTypeAgg\",\"code\":\"DTP08\"},{\"resKey\":\"markCert5YnAgg\",\"code\":\"Y\"}],\"sortBefore\":\"desc\",\"itemConfigs\":[{\"type\":\"single-code\",\"resKey\":\"markCert5YnAgg\",\"reqKey\":\"markCert5Yn\",\"inputType\":\"checkbox\",\"labelText\":\"신선배송\",\"selectCode\":\"Y\",\"withChipIcon\":true,\"selectedLabelText\":\"늦은마감+신선배송\"},{\"type\":\"single-code\",\"resKey\":\"deliveryTypeAgg\",\"reqKey\":\"deliveryTypeCd\",\"inputType\":\"checkbox\",\"withChipIcon\":true},{\"type\":\"single-code\",\"resKey\":\"desiredYnAgg\",\"reqKey\":\"desiredYn\",\"inputType\":\"checkbox\",\"withChipIcon\":false,\"selectCode\":\"Y\",\"labelText\":\"택배(배송일지정)\"}]},{\"modalSelectionSyncMode\":\"onCommit\",\"id\":\"제주도 배송-taJBPt2OqvM5r55l1BMxU\",\"parentId\":\"$undefined\",\"type\":\"list\",\"items\":[{\"count\":311,\"selectedLabelText\":\"$undefined\",\"labelText\":\"제주도 배송 가능\",\"isSelected\":false,\"withChipIcon\":\"$undefined\",\"inputType\":\"checkbox\",\"meta\":{\"allowMultiple\":false,\"resKey\":\"jejuAreaGbnAgg\",\"code\":\"N\",\"sectionId\":\"제주도 배송-taJBPt2OqvM5r55l1BMxU\",\"group\":\"jejuAreaGbn\",\"id\":\"jejuAreaGbn-N\"},\"payload\":{\"type\":\"single-code\",\"group\":\"jejuAreaGbn\",\"reqFormat\":\"comma\",\"reqCode\":\"N\"}}],\"inputType\":\"checkbox\",\"allowMultiple\":false,\"displayCount\":true,\"displayZero\":true,\"showMoreThreshold\":\"$17\",\"showMoreMode\":\"expand\",\"reqFormat\":\"comma\",\"excludeIfSectionItemIsLessThan\":1,\"title\":\"제주도 배송\",\"itemConfigs\":[{\"type\":\"single-code\",\"resKey\":\"jejuAreaGbnAgg\",\"reqKey\":\"jejuAreaGbn\",\"selectCode\":\"n\",\"inputType\":\"checkbox\"}]},{\"modalSelectionSyncMode\":\"onCommit\",\"id\":\"선물-1OITj75tpuXEq2h9DOQq3\",\"parentId\":\"$undefined\",\"type\":\"list\",\"items\":[{\"count\":115,\"selectedLabelText\":\"$undefined\",\"labelText\":\"선물 가능\",\"isSelected\":false,\"withChipIcon\":\"$undefined\",\"inputType\":\"checkbox\",\"meta\":{\"allowMultiple\":false,\"resKey\":\"presentYnAgg\",\"code\":\"Y\",\"sectionId\":\"선물-1OITj75tpuXEq2h9DOQq3\",\"group\":\"presentYn\",\"id\":\"presentYn-Y\"},\"payload\":{\"type\":\"single-code\",\"group\":\"presentYn\",\"reqFormat\":\"comma\",\"reqCode\":\"Y\"}}],\"inputType\":\"checkbox\",\"allowMultiple\":false,\"displayCount\":true,\"displayZero\":true,\"showMoreThreshold\":\"$17\",\"showMoreMode\":\"expand\",\"reqFormat\":\"comma\",\"excludeIfSectionItemIsLessThan\":1,\"title\":\"선물\",\"itemConfigs\":[{\"type\":\"single-code\",\"resKey\":\"presentYnAgg\",\"reqKey\":\"presentYn\",\"selectCode\":\"y\",\"inputType\":\"checkbox\"}]},{\"modalSelectionSyncMode\":\"onCommit\",\"id\":\"식품 인증-4hZU_68hU7vfFGnntXI1p\",\"parentId\":\"$undefined\",\"type\":\"list\",\"items\":[{\"count\":418,\"selectedLabelText\":\"$undefined\",\"labelText\":\"HACCP\",\"isSelected\":false,\"withChipIcon\":\"$undefined\",\"inputType\":\"checkbox\",\"meta\":{\"allowMultiple\":true,\"resKey\":\"markCert1YnAgg\",\"code\":\"Y\",\"sectionId\":\"식품 인증-4hZU_68hU7vfFGnntXI1p\",\"group\":\"markCert1Yn\",\"id\":\"markCert1Yn-Y\"},\"payload\":{\"type\":\"single-code\",\"group\":\"markCert1Yn\",\"reqFormat\":\"comma\",\"reqCode\":\"Y\"}},{\"count\":5,\"selectedLabelText\":\"$undefined\",\"labelText\":\"HALAL\",\"isSelected\":false,\"withChipIcon\":\"$undefined\",\"inputType\":\"checkbox\",\"meta\":{\"allowMultiple\":true,\"resKey\":\"markCert3YnAgg\",\"code\":\"Y\",\"sectionId\":\"식품 인증-4hZU_68hU7vfFGnntXI1p\",\"group\":\"markCert3Yn\",\"id\":\"markCert3Yn-Y\"},\"payload\":{\"type\":\"single-code\",\"group\":\"markCert3Yn\",\"reqFormat\":\"comma\",\"reqCode\":\"Y\"}}],\"inputType\":\"checkbox\",\"allowMultiple\":true,\"displayCount\":true,\"displayZero\":true,\"showMoreThreshold\":\"$17\",\"showMoreMode\":\"expand\",\"reqFormat\":\"comma\",\"excludeIfSectionItemIsLessThan\":2,\"title\":\"식품 인증\",\"itemConfigs\":[{\"type\":\"single-code\",\"resKey\":\"markCert1YnAgg\",\"reqKey\":\"markCert1Yn\",\"selectCode\":\"y\",\"inputType\":\"checkbox\"},{\"type\":\"single-code\",\"resKey\":\"markCert2YnAgg\",\"reqKey\":\"markCert2Yn\",\"selectCode\":\"y\",\"inputType\":\"checkbox\"},{\"type\":\"single-code\",\"resKey\":\"markCert3YnAgg\",\"reqKey\":\"markCert3Yn\",\"selectCode\":\"y\",\"inputType\":\"checkbox\"}]}],\"selectedSectionIdx\":0},\"eventPlanDetail\":{\"data\":{\"downloadCouponInfo\":[],\"eventPlan\":{\"eventSeq\":429,\"eventGbnCd\":\"KM01\",\"eventName\":\"소고기 세절육\",\"webMainBannerPath\":\"/web/images/webMainBanner/thumb_webMainBannerImage20250809022043.jpg\",\"mobileMainBannerPath\":\"/web/images/mobileMainBanner/thumb_mobileMainBannerImage20250809022043.jpg\",\"useYn\":\"Y\",\"eventDesc\":\"GNB\\r\\n160248\",\"subText\":\"\"}},\"status\":\"success\"},\"productListSlice\":{\"items\":[{\"productSeq\":416160,\"itemSeq\":0,\"itemOptionSeq\":0,\"productName\":\"[슬라이스] 차돌양지1.5mm - 호주 | AMH - GF\",\"sellMemberSeq\":139751,\"statusCd\":\"AC02\",\"itemKindCd\":\"A000\",\"itemKindName\":\"수입소\",\"monthAge\":0,\"markCert1Yn\":\"Y\",\"markCert2Yn\":\"N\",\"markCert3Yn\":\"N\",\"markCert5Yn\":\"N\",\"largePurchaseGbn\":\"N\",\"bundleDeliveryYn\":\"N\",\"jejuAreaYn\":\"N\",\"presentYn\":\"N\",\"unitYn\":\"N\",\"customizedCuttingYn\":\"N\",\"reviewStarPoint\":5,\"reviewCnt\":1,\"reviewPhotoCnt\":0,\"eventMsg\":\"차돌양지 샤브,찌개,탕류 20kg(4kg*5봉)\",\"deliveryTypeCd\":\"DTP01\",\"deliveryType\":\"신선배송\",\"procDate\":\"$undefined\",\"mainDisplayCategorySeq\":0,\"mainCategoryPath\":\"$undefined\",\"subDisplayCategorySeq\":\"$undefined\",\"subCategoryPath\":\"$undefined\",\"stockAmount\":21,\"procYn\":\"N\",\"whCd\":\"0016\",\"displayKg\":20,\"baseBoxCnt\":1,\"sellStartDate\":\"2025-07-03\",\"sellEndDate\":\"2099-12-31\",\"minPrice\":13520,\"itemCnt\":1,\"diffItemPriceCnt\":1,\"existIncoming\":false,\"expectIncomingDueDate\":\"$undefined\",\"purposeSeq\":[],\"purpose\":[],\"meatMartYn\":\"N\",\"cuttingCd\":\"CU03\",\"thicknessCd\":\"TN01\",\"thickness\":1.5,\"cuttingSpecCd\":\"$undefined\",\"cuttingSpec\":\"$undefined\",\"totalDisplayKgText\":\"20kg\",\"etcDisplayPriceText\":\"\",\"priceDisplayKg\":20,\"reviewStarPercent\":100,\"brandCd\":\"C014\",\"brandName\":\"AMH\",\"keepingCd\":\"F002\",\"itemCatCd\":\"44\",\"itemCatName\":\"차돌양지\",\"procCd\":\"P002\",\"originCd\":\"E003\",\"originName\":\"호주\",\"gradeCd\":\"D022\",\"gradeName\":\"GF\",\"packCd\":\"N013\",\"productTypeCd\":\"RS02\",\"priceUnitTypeCd\":\"UA01\",\"productOption\":{\"guideImage\":\"\",\"sampleApplyYn\":\"N\",\"desiredYn\":\"N\",\"mainImageTextDisplayYn\":\"Y\",\"franchiseProductYn\":\"N\",\"importYn\":\"N\",\"unitQuantity\":\"\",\"bundleUnitYn\":\"N\",\"exposureType\":\"P\",\"lastWeekMarketPrice\":\"0\",\"markCert5\":\"N\"},\"propertyData\":[],\"showCartButton\":true,\"showMoreButton\":true,\"showDirectPurchaseButton\":false,\"flagContext\":[],\"isKoreanNativeCattle\":false,\"stockAmountText\":\"21\",\"soldOutSoonText\":\"\",\"imageSrc\":\"/m/images/itemImage/2025/07/03/16/37/mo_thumb_productThumbnail_139751_20250703163717.jpg\",\"displayPriceForKg\":\"kg당 13,520원 | 총 20kg\",\"discountPercentText\":\"\",\"originPriceText\":\"\",\"priceText\":\"270,400원\",\"priceUnitTypeText\":\"\",\"morePriceYn\":false,\"isEventPlanRecommend\":false,\"distMainCd\":\"BF03\",\"distWayCd\":\"$undefined\",\"rWhCd\":\"0016\",\"statusName\":\"판매중\",\"keepingName\":\"냉동\",\"procName\":\"세절\u0026분쇄\",\"packName\":\"실링포장\"},{\"productSeq\":411072,\"itemSeq\":0,\"itemOptionSeq\":0,\"productName\":\"[슬라이스] 부채살15mm - 호주 | AMH - S\",\"sellMemberSeq\":139751,\"statusCd\":\"AC02\",\"itemKindCd\":\"A000\",\"itemKindName\":\"수입소\",\"monthAge\":0,\"markCert1Yn\":\"Y\",\"markCert2Yn\":\"N\",\"markCert3Yn\":\"N\",\"markCert5Yn\":\"N\",\"largePurchaseGbn\":\"N\",\"bundleDeliveryYn\":\"N\",\"jejuAreaYn\":\"N\",\"presentYn\":\"N\",\"unitYn\":\"N\",\"customizedCuttingYn\":\"N\",\"reviewStarPoint\":0,\"reviewCnt\":0,\"reviewPhotoCnt\":0,\"eventMsg\":\"스테이크,구이용20kg(1kg*20ea)\",\"deliveryTypeCd\":\"DTP01\",\"deliveryType\":\"신선배송\",\"procDate\":\"$undefined\",\"mainDisplayCategorySeq\":0,\"mainCategoryPath\":\"$undefined\",\"subDisplayCategorySeq\":\"$undefined\",\"subCategoryPath\":\"$undefined\",\"stockAmount\":7,\"procYn\":\"N\",\"whCd\":\"0016\",\"displayKg\":20,\"baseBoxCnt\":1,\"sellStartDate\":\"2025-06-09\",\"sellEndDate\":\"2099-12-31\",\"minPrice\":18120,\"itemCnt\":1,\"diffItemPriceCnt\":1,\"existIncoming\":false,\"expectIncomingDueDate\":\"$undefined\",\"purposeSeq\":[],\"purpose\":[],\"meatMartYn\":\"N\",\"cuttingCd\":\"CU03\",\"thicknessCd\":\"TN23\",\"thickness\":15,\"cuttingSpecCd\":\"$undefined\",\"cuttingSpec\":\"$undefined\",\"totalDisplayKgText\":\"20kg\",\"etcDisplayPriceText\":\"\",\"priceDisplayKg\":20,\"reviewStarPercent\":0,\"brandCd\":\"C014\",\"brandName\":\"AMH\",\"keepingCd\":\"F002\",\"itemCatCd\":\"30\",\"itemCatName\":\"부채살\",\"procCd\":\"P002\",\"originCd\":\"E003\",\"originName\":\"호주\",\"gradeCd\":\"D019\",\"gradeName\":\"S\",\"packCd\":\"N019\",\"productTypeCd\":\"RS02\",\"priceUnitTypeCd\":\"UA01\",\"productOption\":{\"guideImage\":\"GI001\",\"sampleApplyYn\":\"N\",\"desiredYn\":\"N\",\"mainImageTextDisplayYn\":\"Y\",\"franchiseProductYn\":\"N\",\"importYn\":\"N\",\"unitQuantity\":\"\",\"bundleUnitYn\":\"N\",\"exposureType\":\"P\",\"lastWeekMarketPrice\":\"0\",\"markCert5\":\"N\"},\"propertyData\":[],\"showCartButton\":true,\"showMoreButton\":true,\"showDirectPurchaseButton\":false,\"flagContext\":[],\"isKoreanNativeCattle\":false,\"stockAmountText\":\"7\",\"soldOutSoonText\":\"\",\"imageSrc\":\"/m/images/itemImage/2025/06/10/13/17/mo_thumb_productThumbnail_139751_20250610131707.jpg\",\"displayPriceForKg\":\"kg당 18,120원 | 총 20kg\",\"discountPercentText\":\"\",\"originPriceText\":\"\",\"priceText\":\"362,400원\",\"priceUnitTypeText\":\"\",\"morePriceYn\":false,\"isEventPlanRecommend\":false,\"distMainCd\":\"BF03\",\"distWayCd\":\"$undefined\",\"rWhCd\":\"0016\",\"statusName\":\"판매중\",\"keepingName\":\"냉동\",\"procName\":\"세절\u0026분쇄\",\"packName\":\"열성형진공포장\"},{\"productSeq\":409914,\"itemSeq\":0,\"itemOptionSeq\":0,\"productName\":\"[절단]차돌박이 - 호주 | AMH - GF\",\"sellMemberSeq\":139751,\"statusCd\":\"AC02\",\"itemKindCd\":\"A000\",\"itemKindName\":\"수입소\",\"monthAge\":0,\"markCert1Yn\":\"Y\",\"markCert2Yn\":\"N\",\"markCert3Yn\":\"N\",\"markCert5Yn\":\"N\",\"largePurchaseGbn\":\"N\",\"bundleDeliveryYn\":\"N\",\"jejuAreaYn\":\"N\",\"presentYn\":\"N\",\"unitYn\":\"N\",\"customizedCuttingYn\":\"N\",\"reviewStarPoint\":5,\"reviewCnt\":1,\"reviewPhotoCnt\":0,\"eventMsg\":\"덩어리 15kg~17kg (구이용,샤브샤브용 추천)\",\"deliveryTypeCd\":\"DTP01\",\"deliveryType\":\"신선배송\",\"procDate\":\"$undefined\",\"mainDisplayCategorySeq\":0,\"mainCategoryPath\":\"$undefined\",\"subDisplayCategorySeq\":\"$undefined\",\"subCategoryPath\":\"$undefined\",\"stockAmount\":28,\"procYn\":\"N\",\"whCd\":\"0016\",\"displayKg\":0,\"baseBoxCnt\":1,\"sellStartDate\":\"2025-05-27\",\"sellEndDate\":\"2099-12-31\",\"minPrice\":14500,\"itemCnt\":1,\"diffItemPriceCnt\":1,\"existIncoming\":false,\"expectIncomingDueDate\":\"$undefined\",\"purposeSeq\":[],\"purpose\":[],\"meatMartYn\":\"N\",\"cuttingCd\":\"CU04\",\"thicknessCd\":\"\",\"thickness\":0,\"cuttingSpecCd\":\"$undefined\",\"cuttingSpec\":\"$undefined\",\"totalDisplayKgText\":\"0g\",\"etcDisplayPriceText\":\"\",\"priceDisplayKg\":1,\"reviewStarPercent\":100,\"brandCd\":\"C014\",\"brandName\":\"AMH\",\"keepingCd\":\"F002\",\"itemCatCd\":\"42\",\"itemCatName\":\"차돌박이\",\"procCd\":\"P002\",\"originCd\":\"E003\",\"originName\":\"호주\",\"gradeCd\":\"D022\",\"gradeName\":\"GF\",\"packCd\":\"N008\",\"productTypeCd\":\"RS02\",\"priceUnitTypeCd\":\"UA01\",\"productOption\":{\"guideImage\":\"GI001\",\"sampleApplyYn\":\"N\",\"desiredYn\":\"N\",\"mainImageTextDisplayYn\":\"Y\",\"franchiseProductYn\":\"N\",\"importYn\":\"N\",\"unitQuantity\":\"\",\"bundleUnitYn\":\"N\",\"exposureType\":\"P\",\"lastWeekMarketPrice\":\"0\",\"markCert5\":\"N\"},\"propertyData\":[],\"showCartButton\":true,\"showMoreButton\":true,\"showDirectPurchaseButton\":false,\"flagContext\":[],\"isKoreanNativeCattle\":false,\"stockAmountText\":\"28\",\"soldOutSoonText\":\"\",\"imageSrc\":\"/m/images/itemImage/2025/05/27/16/07/mo_thumb_productThumbnail_139751_20250527160726.jpg\",\"displayPriceForKg\":\"\",\"discountPercentText\":\"\",\"originPriceText\":\"\",\"priceText\":\"14,500원\",\"priceUnitTypeText\":\"(kg당)\",\"morePriceYn\":false,\"isEventPlanRecommend\":false,\"distMainCd\":\"BF03\",\"distWayCd\":\"$undefined\",\"rWhCd\":\"0016\",\"statusName\":\"판매중\",\"keepingName\":\"냉동\",\"procName\":\"세절\u0026분쇄\",\"packName\":\"벌크포장\"},{\"productSeq\":408399,\"itemSeq\":0,\"itemOptionSeq\":0,\"productName\":\"[업소용/슬라이스] 부채살20mm - 호주 | AMH - S\",\"sellMemberSeq\":139751,\"statusCd\":\"AC02\",\"itemKindCd\":\"A000\",\"itemKindName\":\"수입소\",\"monthAge\":0,\"markCert1Yn\":\"Y\",\"markCert2Yn\":\"N\",\"markCert3Yn\":\"N\",\"markCert5Yn\":\"N\",\"largePurchaseGbn\":\"N\",\"bundleDeliveryYn\":\"N\",\"jejuAreaYn\":\"N\",\"presentYn\":\"Y\",\"unitYn\":\"N\",\"customizedCuttingYn\":\"N\",\"reviewStarPoint\":0,\"reviewCnt\":0,\"reviewPhotoCnt\":0,\"eventMsg\":\"구이용/스테이크용 10kg(1kg*10ea)\",\"deliveryTypeCd\":\"DTP04\",\"deliveryType\":\"택배\",\"procDate\":\"$undefined\",\"mainDisplayCategorySeq\":0,\"mainCategoryPath\":\"$undefined\",\"subDisplayCategorySeq\":\"$undefined\",\"subCategoryPath\":\"$undefined\",\"stockAmount\":7,\"procYn\":\"N\",\"whCd\":\"9999\",\"displayKg\":10,\"baseBoxCnt\":1,\"sellStartDate\":\"2025-05-19\",\"sellEndDate\":\"2099-12-31\",\"minPrice\":18390,\"itemCnt\":1,\"diffItemPriceCnt\":1,\"existIncoming\":false,\"expectIncomingDueDate\":\"$undefined\",\"purposeSeq\":[],\"purpose\":[],\"meatMartYn\":\"N\",\"cuttingCd\":\"CU03\",\"thicknessCd\":\"TN28\",\"thickness\":20,\"cuttingSpecCd\":\"\",\"cuttingSpec\":\"$undefined\",\"totalDisplayKgText\":\"10kg\",\"etcDisplayPriceText\":\"\",\"priceDisplayKg\":10,\"reviewStarPercent\":0,\"brandCd\":\"C014\",\"brandName\":\"AMH\",\"keepingCd\":\"F002\",\"itemCatCd\":\"30\",\"itemCatName\":\"부채살\",\"procCd\":\"P002\",\"originCd\":\"E003\",\"originName\":\"호주\",\"gradeCd\":\"D019\",\"gradeName\":\"S\",\"packCd\":\"N019\",\"productTypeCd\":\"RS02\",\"priceUnitTypeCd\":\"UA01\",\"productOption\":{\"guideImage\":\"GI001\",\"sampleApplyYn\":\"N\",\"desiredYn\":\"N\",\"mainImageTextDisplayYn\":\"Y\",\"franchiseProductYn\":\"N\",\"importYn\":\"N\",\"unitQuantity\":\"\",\"bundleUnitYn\":\"N\",\"exposureType\":\"P\",\"lastWeekMarketPrice\":\"0\",\"markCert5\":\"N\"},\"propertyData\":[],\"showCartButton\":true,\"showMoreButton\":true,\"showDirectPurchaseButton\":false,\"flagContext\":[],\"isKoreanNativeCattle\":false,\"stockAmountText\":\"7\",\"soldOutSoonText\":\"\",\"imageSrc\":\"/m/images/itemImage/2025/05/20/16/38/mo_thumb_productThumbnail_139751_20250520163826.jpg\",\"displayPriceForKg\":\"kg당 18,390원 | 총 10kg\",\"discountPercentText\":\"\",\"originPriceText\":\"\",\"priceText\":\"183,900원\",\"priceUnitTypeText\":\"\",\"morePriceYn\":false,\"isEventPlanRecommend\":false,\"distMainCd\":\"BF02\",\"distWayCd\":\"BG02\",\"rWhCd\":\"9999\",\"statusName\":\"판매중\",\"keepingName\":\"냉동\",\"procName\":\"세절\u0026분쇄\",\"packName\":\"열성형진공포장\"},{\"productSeq\":408397,\"itemSeq\":0,\"itemOptionSeq\":0,\"productName\":\"[소량/슬라이스] 부채살20mm - 호주 | AMH - S\",\"sellMemberSeq\":139751,\"statusCd\":\"AC02\",\"itemKindCd\":\"A000\",\"itemKindName\":\"수입소\",\"monthAge\":0,\"markCert1Yn\":\"Y\",\"markCert2Yn\":\"N\",\"markCert3Yn\":\"N\",\"markCert5Yn\":\"N\",\"largePurchaseGbn\":\"N\",\"bundleDeliveryYn\":\"N\",\"jejuAreaYn\":\"N\",\"presentYn\":\"Y\",\"unitYn\":\"N\",\"customizedCuttingYn\":\"N\",\"reviewStarPoint\":0,\"reviewCnt\":0,\"reviewPhotoCnt\":0,\"eventMsg\":\"구이용/스테이크용 3kg(1kg*3ea)\",\"deliveryTypeCd\":\"DTP04\",\"deliveryType\":\"택배\",\"procDate\":\"$undefined\",\"mainDisplayCategorySeq\":0,\"mainCategoryPath\":\"$undefined\",\"subDisplayCategorySeq\":\"$undefined\",\"subCategoryPath\":\"$undefined\",\"stockAmount\":2,\"procYn\":\"N\",\"whCd\":\"9999\",\"displayKg\":3,\"baseBoxCnt\":1,\"sellStartDate\":\"2025-05-19\",\"sellEndDate\":\"2099-12-31\",\"minPrice\":19200,\"itemCnt\":1,\"diffItemPriceCnt\":1,\"existIncoming\":false,\"expectIncomingDueDate\":\"$undefined\",\"purposeSeq\":[],\"purpose\":[],\"meatMartYn\":\"N\",\"cuttingCd\":\"CU03\",\"thicknessCd\":\"TN28\",\"thickness\":20,\"cuttingSpecCd\":\"\",\"cuttingSpec\":\"$undefined\",\"totalDisplayKgText\":\"3,000g\",\"etcDisplayPriceText\":\"\",\"priceDisplayKg\":3,\"reviewStarPercent\":0,\"brandCd\":\"C014\",\"brandName\":\"AMH\",\"keepingCd\":\"F002\",\"itemCatCd\":\"30\",\"itemCatName\":\"부채살\",\"procCd\":\"P002\",\"originCd\":\"E003\",\"originName\":\"호주\",\"gradeCd\":\"D019\",\"gradeName\":\"S\",\"packCd\":\"N019\",\"productTypeCd\":\"RS02\",\"priceUnitTypeCd\":\"UA01\",\"productOption\":{\"guideImage\":\"GI001\",\"sampleApplyYn\":\"N\",\"desiredYn\":\"N\",\"mainImageTextDisplayYn\":\"Y\",\"franchiseProductYn\":\"N\",\"importYn\":\"N\",\"unitQuantity\":\"\",\"bundleUnitYn\":\"N\",\"exposureType\":\"P\",\"lastWeekMarketPrice\":\"0\",\"markCert5\":\"N\"},\"propertyData\":[],\"showCartButton\":true,\"showMoreButton\":true,\"showDirectPurchaseButton\":false,\"flagContext\":[],\"isKoreanNativeCattle\":false,\"stockAmountText\":\"2\",\"soldOutSoonText\":\"2 곧 품절 예정\",\"imageSrc\":\"/m/images/itemImage/2025/05/20/16/37/mo_thumb_productThumbnail_139751_20250520163704.jpg\",\"displayPriceForKg\":\"100g당 1,920원 | 총 3,000g\",\"discountPercentText\":\"\",\"originPriceText\":\"\",\"priceText\":\"57,600원\",\"priceUnitTypeText\":\"\",\"morePriceYn\":false,\"isEventPlanRecommend\":false,\"distMainCd\":\"BF02\",\"distWayCd\":\"BG02\",\"rWhCd\":\"9999\",\"statusName\":\"판매중\",\"keepingName\":\"냉동\",\"procName\":\"세절\u0026분쇄\",\"packName\":\"열성형진공포장\"},{\"productSeq\":408395,\"itemSeq\":0,\"itemOptionSeq\":0,\"productName\":\"[소량/슬라이스] 부채살20mm - 호주 | AMH - S\",\"sellMemberSeq\":139751,\"statusCd\":\"AC02\",\"itemKindCd\":\"A000\",\"itemKindName\":\"수입소\",\"monthAge\":0,\"markCert1Yn\":\"Y\",\"markCert2Yn\":\"N\",\"markCert3Yn\":\"N\",\"markCert5Yn\":\"N\",\"largePurchaseGbn\":\"N\",\"bundleDeliveryYn\":\"N\",\"jejuAreaYn\":\"N\",\"presentYn\":\"Y\",\"unitYn\":\"N\",\"customizedCuttingYn\":\"N\",\"reviewStarPoint\":1,\"reviewCnt\":1,\"reviewPhotoCnt\":1,\"eventMsg\":\"구이용/스테이크용 1kg\",\"deliveryTypeCd\":\"DTP04\",\"deliveryType\":\"택배\",\"procDate\":\"$undefined\",\"mainDisplayCategorySeq\":0,\"mainCategoryPath\":\"$undefined\",\"subDisplayCategorySeq\":\"$undefined\",\"subCategoryPath\":\"$undefined\",\"stockAmount\":6,\"procYn\":\"N\",\"whCd\":\"9999\",\"displayKg\":1,\"baseBoxCnt\":1,\"sellStartDate\":\"2025-05-19\",\"sellEndDate\":\"2099-12-31\",\"minPrice\":22130,\"itemCnt\":1,\"diffItemPriceCnt\":1,\"existIncoming\":false,\"expectIncomingDueDate\":\"$undefined\",\"purposeSeq\":[],\"purpose\":[],\"meatMartYn\":\"N\",\"cuttingCd\":\"CU03\",\"thicknessCd\":\"TN28\",\"thickness\":20,\"cuttingSpecCd\":\"\",\"cuttingSpec\":\"$undefined\",\"totalDisplayKgText\":\"1,000g\",\"etcDisplayPriceText\":\"\",\"priceDisplayKg\":1,\"reviewStarPercent\":20,\"brandCd\":\"C014\",\"brandName\":\"AMH\",\"keepingCd\":\"F002\",\"itemCatCd\":\"30\",\"itemCatName\":\"부채살\",\"procCd\":\"P002\",\"originCd\":\"E003\",\"originName\":\"호주\",\"gradeCd\":\"D019\",\"gradeName\":\"S\",\"packCd\":\"N019\",\"productTypeCd\":\"RS02\",\"priceUnitTypeCd\":\"UA01\",\"productOption\":{\"guideImage\":\"GI001\",\"sampleApplyYn\":\"N\",\"desiredYn\":\"N\",\"mainImageTextDisplayYn\":\"Y\",\"franchiseProductYn\":\"N\",\"importYn\":\"N\",\"unitQuantity\":\"\",\"bundleUnitYn\":\"N\",\"exposureType\":\"P\",\"lastWeekMarketPrice\":\"0\",\"markCert5\":\"N\"},\"propertyData\":[],\"showCartButton\":true,\"showMoreButton\":true,\"showDirectPurchaseButton\":false,\"flagContext\":[],\"isKoreanNativeCattle\":false,\"stockAmountText\":\"6\",\"soldOutSoonText\":\"\",\"imageSrc\":\"/m/images/itemImage/2025/05/20/16/36/mo_thumb_productThumbnail_139751_20250520163622.jpg\",\"displayPriceForKg\":\"100g당 2,213원 | 총 1,000g\",\"discountPercentText\":\"\",\"originPriceText\":\"\",\"priceText\":\"22,130원\",\"priceUnitTypeText\":\"\",\"morePriceYn\":false,\"isEventPlanRecommend\":false,\"distMainCd\":\"BF02\",\"distWayCd\":\"BG02\",\"rWhCd\":\"9999\",\"statusName\":\"판매중\",\"keepingName\":\"냉동\",\"procName\":\"세절\u0026분쇄\",\"packName\":\"열성형진공포장\"},{\"productSeq\":408394,\"itemSeq\":0,\"itemOptionSeq\":0,\"productName\":\"[업소용/슬라이스] 부채살20mm - 호주 | AMH - S\",\"sellMemberSeq\":139751,\"statusCd\":\"AC02\",\"itemKindCd\":\"A000\",\"itemKindName\":\"수입소\",\"monthAge\":0,\"markCert1Yn\":\"Y\",\"markCert2Yn\":\"N\",\"markCert3Yn\":\"N\",\"markCert5Yn\":\"N\",\"largePurchaseGbn\":\"N\",\"bundleDeliveryYn\":\"N\",\"jejuAreaYn\":\"N\",\"presentYn\":\"N\",\"unitYn\":\"N\",\"customizedCuttingYn\":\"N\",\"reviewStarPoint\":0,\"reviewCnt\":0,\"reviewPhotoCnt\":0,\"eventMsg\":\"구이용/스테이크용 20kg(1kg*20ea)\",\"deliveryTypeCd\":\"DTP01\",\"deliveryType\":\"신선배송\",\"procDate\":\"$undefined\",\"mainDisplayCategorySeq\":0,\"mainCategoryPath\":\"$undefined\",\"subDisplayCategorySeq\":\"$undefined\",\"subCategoryPath\":\"$undefined\",\"stockAmount\":17,\"procYn\":\"N\",\"whCd\":\"0016\",\"displayKg\":20,\"baseBoxCnt\":1,\"sellStartDate\":\"2025-05-19\",\"sellEndDate\":\"2099-12-31\",\"minPrice\":18200,\"itemCnt\":1,\"diffItemPriceCnt\":1,\"existIncoming\":false,\"expectIncomingDueDate\":\"$undefined\",\"purposeSeq\":[],\"purpose\":[],\"meatMartYn\":\"N\",\"cuttingCd\":\"CU03\",\"thicknessCd\":\"TN28\",\"thickness\":20,\"cuttingSpecCd\":\"$undefined\",\"cuttingSpec\":\"$undefined\",\"totalDisplayKgText\":\"20kg\",\"etcDisplayPriceText\":\"\",\"priceDisplayKg\":20,\"reviewStarPercent\":0,\"brandCd\":\"C014\",\"brandName\":\"AMH\",\"keepingCd\":\"F002\",\"itemCatCd\":\"30\",\"itemCatName\":\"부채살\",\"procCd\":\"P002\",\"originCd\":\"E003\",\"originName\":\"호주\",\"gradeCd\":\"D019\",\"gradeName\":\"S\",\"packCd\":\"N019\",\"productTypeCd\":\"RS02\",\"priceUnitTypeCd\":\"UA01\",\"productOption\":{\"guideImage\":\"GI001\",\"sampleApplyYn\":\"N\",\"desiredYn\":\"N\",\"mainImageTextDisplayYn\":\"Y\",\"franchiseProductYn\":\"N\",\"importYn\":\"N\",\"unitQuantity\":\"\",\"bundleUnitYn\":\"N\",\"exposureType\":\"P\",\"lastWeekMarketPrice\":\"0\",\"markCert5\":\"N\"},\"propertyData\":[],\"showCartButton\":true,\"showMoreButton\":true,\"showDirectPurchaseButton\":false,\"flagContext\":[],\"isKoreanNativeCattle\":false,\"stockAmountText\":\"17\",\"soldOutSoonText\":\"\",\"imageSrc\":\"/m/images/itemImage/2025/05/20/16/35/mo_thumb_productThumbnail_139751_20250520163544.jpg\",\"displayPriceForKg\":\"kg당 18,200원 | 총 20kg\",\"discountPercentText\":\"\",\"originPriceText\":\"\",\"priceText\":\"364,000원\",\"priceUnitTypeText\":\"\",\"morePriceYn\":false,\"isEventPlanRecommend\":false,\"distMainCd\":\"BF03\",\"distWayCd\":\"$undefined\",\"rWhCd\":\"0016\",\"statusName\":\"판매중\",\"keepingName\":\"냉동\",\"procName\":\"세절\u0026분쇄\",\"packName\":\"열성형진공포장\"},{\"productSeq\":408158,\"itemSeq\":0,\"itemOptionSeq\":0,\"productName\":\"[업소용/채슬라이스] 홍두깨4.5mm - 미국 | 스위프트\",\"sellMemberSeq\":139751,\"statusCd\":\"AC02\",\"itemKindCd\":\"A000\",\"itemKindName\":\"수입소\",\"monthAge\":0,\"markCert1Yn\":\"Y\",\"markCert2Yn\":\"N\",\"markCert3Yn\":\"N\",\"markCert5Yn\":\"N\",\"largePurchaseGbn\":\"N\",\"bundleDeliveryYn\":\"N\",\"jejuAreaYn\":\"N\",\"presentYn\":\"N\",\"unitYn\":\"N\",\"customizedCuttingYn\":\"N\",\"reviewStarPoint\":3.7,\"reviewCnt\":3,\"reviewPhotoCnt\":1,\"eventMsg\":\"육회용 20kg(4kg*5ea)\",\"deliveryTypeCd\":\"DTP01\",\"deliveryType\":\"신선배송\",\"procDate\":\"$undefined\",\"mainDisplayCategorySeq\":0,\"mainCategoryPath\":\"$undefined\",\"subDisplayCategorySeq\":\"$undefined\",\"subCategoryPath\":\"$undefined\",\"stockAmount\":16,\"procYn\":\"N\",\"whCd\":\"0016\",\"displayKg\":20,\"baseBoxCnt\":1,\"sellStartDate\":\"2025-05-16\",\"sellEndDate\":\"2099-12-31\",\"minPrice\":17680,\"itemCnt\":1,\"diffItemPriceCnt\":1,\"existIncoming\":false,\"expectIncomingDueDate\":\"$undefined\",\"purposeSeq\":[],\"purpose\":[],\"meatMartYn\":\"N\",\"cuttingCd\":\"CU18\",\"thicknessCd\":\"TN07\",\"thickness\":4.5,\"cuttingSpecCd\":\"$undefined\",\"cuttingSpec\":\"$undefined\",\"totalDisplayKgText\":\"20kg\",\"etcDisplayPriceText\":\"\",\"priceDisplayKg\":20,\"reviewStarPercent\":24.7,\"brandCd\":\"C045\",\"brandName\":\"스위프트\",\"keepingCd\":\"F002\",\"itemCatCd\":\"47\",\"itemCatName\":\"홍두깨\",\"procCd\":\"P002\",\"originCd\":\"E002\",\"originName\":\"미국\",\"gradeCd\":\"D030\",\"gradeName\":\"없음\",\"packCd\":\"N013\",\"productTypeCd\":\"RS02\",\"priceUnitTypeCd\":\"UA01\",\"productOption\":{\"guideImage\":\"GI001\",\"sampleApplyYn\":\"N\",\"desiredYn\":\"N\",\"mainImageTextDisplayYn\":\"Y\",\"franchiseProductYn\":\"N\",\"importYn\":\"N\",\"unitQuantity\":\"\",\"bundleUnitYn\":\"N\",\"exposureType\":\"P\",\"lastWeekMarketPrice\":\"0\",\"markCert5\":\"N\"},\"propertyData\":[],\"showCartButton\":true,\"showMoreButton\":true,\"showDirectPurchaseButton\":false,\"flagContext\":[],\"isKoreanNativeCattle\":false,\"stockAmountText\":\"16\",\"soldOutSoonText\":\"\",\"imageSrc\":\"/m/images/itemImage/2025/05/20/10/00/mo_thumb_productThumbnail_139751_20250520100016.jpg\",\"displayPriceForKg\":\"kg당 17,680원 | 총 20kg\",\"discountPercentText\":\"\",\"originPriceText\":\"\",\"priceText\":\"353,600원\",\"priceUnitTypeText\":\"\",\"morePriceYn\":false,\"isEventPlanRecommend\":false,\"distMainCd\":\"BF03\",\"distWayCd\":\"$undefined\",\"rWhCd\":\"0016\",\"statusName\":\"판매중\",\"keepingName\":\"냉동\",\"procName\":\"세절\u0026분쇄\",\"packName\":\"실링포장\"},{\"productSeq\":406868,\"itemSeq\":0,\"itemOptionSeq\":0,\"productName\":\"[소량/절단] 앞다리/전각4mm - 호주 | 킬코이 - GF\",\"sellMemberSeq\":139751,\"statusCd\":\"AC02\",\"itemKindCd\":\"A000\",\"itemKindName\":\"수입소\",\"monthAge\":0,\"markCert1Yn\":\"Y\",\"markCert2Yn\":\"N\",\"markCert3Yn\":\"N\",\"markCert5Yn\":\"N\",\"largePurchaseGbn\":\"N\",\"bundleDeliveryYn\":\"N\",\"jejuAreaYn\":\"N\",\"presentYn\":\"Y\",\"unitYn\":\"N\",\"customizedCuttingYn\":\"N\",\"reviewStarPoint\":0,\"reviewCnt\":0,\"reviewPhotoCnt\":0,\"eventMsg\":\"국거리용 3cm*3cm 1kg\",\"deliveryTypeCd\":\"DTP04\",\"deliveryType\":\"택배\",\"procDate\":\"$undefined\",\"mainDisplayCategorySeq\":0,\"mainCategoryPath\":\"$undefined\",\"subDisplayCategorySeq\":\"$undefined\",\"subCategoryPath\":\"$undefined\",\"stockAmount\":1,\"procYn\":\"N\",\"whCd\":\"9999\",\"displayKg\":1,\"baseBoxCnt\":1,\"sellStartDate\":\"2025-05-09\",\"sellEndDate\":\"2099-12-31\",\"minPrice\":18070,\"itemCnt\":1,\"diffItemPriceCnt\":1,\"existIncoming\":false,\"expectIncomingDueDate\":\"$undefined\",\"purposeSeq\":[],\"purpose\":[],\"meatMartYn\":\"N\",\"cuttingCd\":\"CU04\",\"thicknessCd\":\"TN06\",\"thickness\":4,\"cuttingSpecCd\":\"$undefined\",\"cuttingSpec\":\"$undefined\",\"totalDisplayKgText\":\"1,000g\",\"etcDisplayPriceText\":\"\",\"priceDisplayKg\":1,\"reviewStarPercent\":0,\"brandCd\":\"C052\",\"brandName\":\"킬코이\",\"keepingCd\":\"F002\",\"itemCatCd\":\"98\",\"itemCatName\":\"앞다리/전각\",\"procCd\":\"P002\",\"originCd\":\"E003\",\"originName\":\"호주\",\"gradeCd\":\"D022\",\"gradeName\":\"GF\",\"packCd\":\"N019\",\"productTypeCd\":\"RS02\",\"priceUnitTypeCd\":\"UA01\",\"productOption\":{\"guideImage\":\"GI001\",\"sampleApplyYn\":\"N\",\"desiredYn\":\"N\",\"mainImageTextDisplayYn\":\"Y\",\"franchiseProductYn\":\"N\",\"importYn\":\"N\",\"unitQuantity\":\"\",\"bundleUnitYn\":\"N\",\"exposureType\":\"P\",\"lastWeekMarketPrice\":\"0\",\"markCert5\":\"N\"},\"propertyData\":[],\"showCartButton\":true,\"showMoreButton\":true,\"showDirectPurchaseButton\":false,\"flagContext\":[],\"isKoreanNativeCattle\":false,\"stockAmountText\":\"1\",\"soldOutSoonText\":\"1 곧 품절 예정\",\"imageSrc\":\"/m/images/itemImage/2025/05/13/11/38/mo_thumb_productThumbnail_139751_20250513113845.jpg\",\"displayPriceForKg\":\"100g당 1,807원 | 총 1,000g\",\"discountPercentText\":\"\",\"originPriceText\":\"\",\"priceText\":\"18,070원\",\"priceUnitTypeText\":\"\",\"morePriceYn\":false,\"isEventPlanRecommend\":false,\"distMainCd\":\"BF02\",\"distWayCd\":\"BG02\",\"rWhCd\":\"9999\",\"statusName\":\"판매중\",\"keepingName\":\"냉동\",\"procName\":\"세절\u0026분쇄\",\"packName\":\"열성형진공포장\"},{\"productSeq\":406680,\"itemSeq\":0,\"itemOptionSeq\":0,\"productName\":\"[업소용/절단] 차돌양지 - 호주 | AMH - GF\",\"sellMemberSeq\":139751,\"statusCd\":\"AC02\",\"itemKindCd\":\"A000\",\"itemKindName\":\"수입소\",\"monthAge\":0,\"markCert1Yn\":\"Y\",\"markCert2Yn\":\"N\",\"markCert3Yn\":\"N\",\"markCert5Yn\":\"N\",\"largePurchaseGbn\":\"N\",\"bundleDeliveryYn\":\"N\",\"jejuAreaYn\":\"N\",\"presentYn\":\"N\",\"unitYn\":\"N\",\"customizedCuttingYn\":\"N\",\"reviewStarPoint\":5,\"reviewCnt\":2,\"reviewPhotoCnt\":1,\"eventMsg\":\"덩어리/샤브샤브 추천 (20kg벌크)\",\"deliveryTypeCd\":\"DTP01\",\"deliveryType\":\"신선배송\",\"procDate\":\"$undefined\",\"mainDisplayCategorySeq\":0,\"mainCategoryPath\":\"$undefined\",\"subDisplayCategorySeq\":\"$undefined\",\"subCategoryPath\":\"$undefined\",\"stockAmount\":9,\"procYn\":\"N\",\"whCd\":\"0016\",\"displayKg\":15,\"baseBoxCnt\":1,\"sellStartDate\":\"2025-05-09\",\"sellEndDate\":\"2099-12-31\",\"minPrice\":14580,\"itemCnt\":1,\"diffItemPriceCnt\":1,\"existIncoming\":false,\"expectIncomingDueDate\":\"$undefined\",\"purposeSeq\":[],\"purpose\":[],\"meatMartYn\":\"N\",\"cuttingCd\":\"CU04\",\"thicknessCd\":\"\",\"thickness\":0,\"cuttingSpecCd\":\"$undefined\",\"cuttingSpec\":\"$undefined\",\"totalDisplayKgText\":\"15kg\",\"etcDisplayPriceText\":\"\",\"priceDisplayKg\":15,\"reviewStarPercent\":50,\"brandCd\":\"C014\",\"brandName\":\"AMH\",\"keepingCd\":\"F002\",\"itemCatCd\":\"44\",\"itemCatName\":\"차돌양지\",\"procCd\":\"P002\",\"originCd\":\"E003\",\"originName\":\"호주\",\"gradeCd\":\"D022\",\"gradeName\":\"GF\",\"packCd\":\"N008\",\"productTypeCd\":\"RS02\",\"priceUnitTypeCd\":\"UA01\",\"productOption\":{\"guideImage\":\"\",\"sampleApplyYn\":\"N\",\"desiredYn\":\"N\",\"mainImageTextDisplayYn\":\"Y\",\"franchiseProductYn\":\"N\",\"importYn\":\"N\",\"unitQuantity\":\"\",\"bundleUnitYn\":\"N\",\"exposureType\":\"P\",\"lastWeekMarketPrice\":\"0\",\"markCert5\":\"N\"},\"propertyData\":[],\"showCartButton\":true,\"showMoreButton\":true,\"showDirectPurchaseButton\":false,\"flagContext\":[],\"isKoreanNativeCattle\":false,\"stockAmountText\":\"9\",\"soldOutSoonText\":\"\",\"imageSrc\":\"/m/images/itemImage/2025/05/27/16/09/mo_thumb_productThumbnail_139751_20250527160955.jpg\",\"displayPriceForKg\":\"kg당 14,580원 | 총 15kg\",\"discountPercentText\":\"\",\"originPriceText\":\"\",\"priceText\":\"218,700원\",\"priceUnitTypeText\":\"\",\"morePriceYn\":false,\"isEventPlanRecommend\":false,\"distMainCd\":\"BF03\",\"distWayCd\":\"$undefined\",\"rWhCd\":\"0016\",\"statusName\":\"판매중\",\"keepingName\":\"냉동\",\"procName\":\"세절\u0026분쇄\",\"packName\":\"벌크포장\"},{\"productSeq\":403623,\"itemSeq\":0,\"itemOptionSeq\":0,\"productName\":\"[업소용/슬라이스] 부채살15mm - 호주 | 킬코이 - GF\",\"sellMemberSeq\":139751,\"statusCd\":\"AC02\",\"itemKindCd\":\"A000\",\"itemKindName\":\"수입소\",\"monthAge\":0,\"markCert1Yn\":\"Y\",\"markCert2Yn\":\"N\",\"markCert3Yn\":\"N\",\"markCert5Yn\":\"N\",\"largePurchaseGbn\":\"N\",\"bundleDeliveryYn\":\"N\",\"jejuAreaYn\":\"N\",\"presentYn\":\"Y\",\"unitYn\":\"N\",\"customizedCuttingYn\":\"N\",\"reviewStarPoint\":1,\"reviewCnt\":2,\"reviewPhotoCnt\":2,\"eventMsg\":\"구이용/스테이크용 10kg(1kg*10ea) \",\"deliveryTypeCd\":\"DTP04\",\"deliveryType\":\"택배\",\"procDate\":\"$undefined\",\"mainDisplayCategorySeq\":0,\"mainCategoryPath\":\"$undefined\",\"subDisplayCategorySeq\":\"$undefined\",\"subCategoryPath\":\"$undefined\",\"stockAmount\":1,\"procYn\":\"N\",\"whCd\":\"9999\",\"displayKg\":10,\"baseBoxCnt\":1,\"sellStartDate\":\"2025-04-21\",\"sellEndDate\":\"2099-12-31\",\"minPrice\":16980,\"itemCnt\":1,\"diffItemPriceCnt\":1,\"existIncoming\":false,\"expectIncomingDueDate\":\"$undefined\",\"purposeSeq\":[],\"purpose\":[],\"meatMartYn\":\"N\",\"cuttingCd\":\"CU03\",\"thicknessCd\":\"TN23\",\"thickness\":15,\"cuttingSpecCd\":\"$undefined\",\"cuttingSpec\":\"$undefined\",\"totalDisplayKgText\":\"10kg\",\"etcDisplayPriceText\":\"\",\"priceDisplayKg\":10,\"reviewStarPercent\":10,\"brandCd\":\"C052\",\"brandName\":\"킬코이\",\"keepingCd\":\"F002\",\"itemCatCd\":\"30\",\"itemCatName\":\"부채살\",\"procCd\":\"P002\",\"originCd\":\"E003\",\"originName\":\"호주\",\"gradeCd\":\"D022\",\"gradeName\":\"GF\",\"packCd\":\"N019\",\"productTypeCd\":\"RS02\",\"priceUnitTypeCd\":\"UA01\",\"productOption\":{\"guideImage\":\"GI001\",\"sampleApplyYn\":\"N\",\"desiredYn\":\"N\",\"mainImageTextDisplayYn\":\"Y\",\"franchiseProductYn\":\"N\",\"importYn\":\"N\",\"unitQuantity\":\"\",\"bundleUnitYn\":\"N\",\"exposureType\":\"P\",\"lastWeekMarketPrice\":\"0\",\"markCert5\":\"N\"},\"propertyData\":[],\"showCartButton\":true,\"showMoreButton\":true,\"showDirectPurchaseButton\":false,\"flagContext\":[],\"isKoreanNativeCattle\":false,\"stockAmountText\":\"1\",\"soldOutSoonText\":\"1 곧 품절 예정\",\"imageSrc\":\"/m/images/itemImage/2025/04/23/11/03/mo_thumb_productThumbnail_139751_20250423110304.jpg\",\"displayPriceForKg\":\"kg당 16,980원 | 총 10kg\",\"discountPercentText\":\"\",\"originPriceText\":\"\",\"priceText\":\"169,800원\",\"priceUnitTypeText\":\"\",\"morePriceYn\":false,\"isEventPlanRecommend\":false,\"distMainCd\":\"BF02\",\"distWayCd\":\"BG02\",\"rWhCd\":\"9999\",\"statusName\":\"판매중\",\"keepingName\":\"냉동\",\"procName\":\"세절\u0026분쇄\",\"packName\":\"열성형진공포장\"},{\"productSeq\":401819,\"itemSeq\":0,\"itemOptionSeq\":0,\"productName\":\"[업소용/다짐육] 양지 - 미국 | 엑셀 - 언그레이드\",\"sellMemberSeq\":139751,\"statusCd\":\"AC02\",\"itemKindCd\":\"A000\",\"itemKindName\":\"수입소\",\"monthAge\":0,\"markCert1Yn\":\"Y\",\"markCert2Yn\":\"N\",\"markCert3Yn\":\"N\",\"markCert5Yn\":\"N\",\"largePurchaseGbn\":\"N\",\"bundleDeliveryYn\":\"N\",\"jejuAreaYn\":\"N\",\"presentYn\":\"N\",\"unitYn\":\"N\",\"customizedCuttingYn\":\"N\",\"reviewStarPoint\":3.7,\"reviewCnt\":3,\"reviewPhotoCnt\":1,\"eventMsg\":\"새로운 상품 입니다 다짐육 20kg(1kg*20봉) 실물 이미지\",\"deliveryTypeCd\":\"DTP01\",\"deliveryType\":\"신선배송\",\"procDate\":\"$undefined\",\"mainDisplayCategorySeq\":0,\"mainCategoryPath\":\"$undefined\",\"subDisplayCategorySeq\":\"$undefined\",\"subCategoryPath\":\"$undefined\",\"stockAmount\":10,\"procYn\":\"N\",\"whCd\":\"0016\",\"displayKg\":20,\"baseBoxCnt\":1,\"sellStartDate\":\"2025-04-11\",\"sellEndDate\":\"2099-12-31\",\"minPrice\":6780,\"itemCnt\":1,\"diffItemPriceCnt\":1,\"existIncoming\":false,\"expectIncomingDueDate\":\"$undefined\",\"purposeSeq\":[],\"purpose\":[],\"meatMartYn\":\"N\",\"cuttingCd\":\"CU06\",\"thicknessCd\":\"\",\"thickness\":0,\"cuttingSpecCd\":\"$undefined\",\"cuttingSpec\":\"$undefined\",\"totalDisplayKgText\":\"20kg\",\"etcDisplayPriceText\":\"\",\"priceDisplayKg\":20,\"reviewStarPercent\":24.7,\"brandCd\":\"C001\",\"brandName\":\"엑셀\",\"keepingCd\":\"F002\",\"itemCatCd\":\"136\",\"itemCatName\":\"양지\",\"procCd\":\"P002\",\"originCd\":\"E002\",\"originName\":\"미국\",\"gradeCd\":\"D032\",\"gradeName\":\"언그레이드\",\"packCd\":\"N001\",\"productTypeCd\":\"RS02\",\"priceUnitTypeCd\":\"UA01\",\"productOption\":{\"guideImage\":\"GI001\",\"sampleApplyYn\":\"N\",\"desiredYn\":\"N\",\"mainImageTextDisplayYn\":\"Y\",\"franchiseProductYn\":\"N\",\"importYn\":\"N\",\"unitQuantity\":\"\",\"bundleUnitYn\":\"N\",\"exposureType\":\"P\",\"lastWeekMarketPrice\":\"0\",\"markCert5\":\"N\"},\"propertyData\":[],\"showCartButton\":true,\"showMoreButton\":true,\"showDirectPurchaseButton\":false,\"flagContext\":[],\"isKoreanNativeCattle\":false,\"stockAmountText\":\"10\",\"soldOutSoonText\":\"\",\"imageSrc\":\"/m/images/itemImage/2025/07/24/16/14/mo_thumb_productThumbnail_139751_20250724161425.jpg\",\"displayPriceForKg\":\"kg당 6,780원 | 총 20kg\",\"discountPercentText\":\"\",\"originPriceText\":\"\",\"priceText\":\"135,600원\",\"priceUnitTypeText\":\"\",\"morePriceYn\":false,\"isEventPlanRecommend\":false,\"distMainCd\":\"BF03\",\"distWayCd\":\"$undefined\",\"rWhCd\":\"0016\",\"statusName\":\"판매중\",\"keepingName\":\"냉동\",\"procName\":\"세절\u0026분쇄\",\"packName\":\"진공포장\"},{\"productSeq\":401675,\"itemSeq\":0,\"itemOptionSeq\":0,\"productName\":\"[업소용/돌돌이] 차돌양지2mm - 호주 | AMH - GF\",\"sellMemberSeq\":139751,\"statusCd\":\"AC02\",\"itemKindCd\":\"A000\",\"itemKindName\":\"수입소\",\"monthAge\":0,\"markCert1Yn\":\"Y\",\"markCert2Yn\":\"N\",\"markCert3Yn\":\"N\",\"markCert5Yn\":\"N\",\"largePurchaseGbn\":\"N\",\"bundleDeliveryYn\":\"N\",\"jejuAreaYn\":\"N\",\"presentYn\":\"N\",\"unitYn\":\"N\",\"customizedCuttingYn\":\"N\",\"reviewStarPoint\":5,\"reviewCnt\":1,\"reviewPhotoCnt\":0,\"eventMsg\":\"구이용/샤브샤브용 10kg(2.5kg*4ea)\",\"deliveryTypeCd\":\"DTP01\",\"deliveryType\":\"신선배송\",\"procDate\":\"$undefined\",\"mainDisplayCategorySeq\":0,\"mainCategoryPath\":\"$undefined\",\"subDisplayCategorySeq\":\"$undefined\",\"subCategoryPath\":\"$undefined\",\"stockAmount\":12,\"procYn\":\"N\",\"whCd\":\"0016\",\"displayKg\":10,\"baseBoxCnt\":1,\"sellStartDate\":\"2025-04-11\",\"sellEndDate\":\"2099-12-31\",\"minPrice\":13890,\"itemCnt\":1,\"diffItemPriceCnt\":1,\"existIncoming\":false,\"expectIncomingDueDate\":\"$undefined\",\"purposeSeq\":[],\"purpose\":[],\"meatMartYn\":\"N\",\"cuttingCd\":\"CU02\",\"thicknessCd\":\"TN02\",\"thickness\":2,\"cuttingSpecCd\":\"$undefined\",\"cuttingSpec\":\"$undefined\",\"totalDisplayKgText\":\"10kg\",\"etcDisplayPriceText\":\"\",\"priceDisplayKg\":10,\"reviewStarPercent\":100,\"brandCd\":\"C014\",\"brandName\":\"AMH\",\"keepingCd\":\"F002\",\"itemCatCd\":\"44\",\"itemCatName\":\"차돌양지\",\"procCd\":\"P002\",\"originCd\":\"E003\",\"originName\":\"호주\",\"gradeCd\":\"D022\",\"gradeName\":\"GF\",\"packCd\":\"N013\",\"productTypeCd\":\"RS02\",\"priceUnitTypeCd\":\"UA01\",\"productOption\":{\"guideImage\":\"GI001\",\"sampleApplyYn\":\"N\",\"desiredYn\":\"N\",\"mainImageTextDisplayYn\":\"Y\",\"franchiseProductYn\":\"N\",\"importYn\":\"N\",\"unitQuantity\":\"\",\"bundleUnitYn\":\"N\",\"exposureType\":\"P\",\"lastWeekMarketPrice\":\"0\",\"markCert5\":\"N\"},\"propertyData\":[],\"showCartButton\":true,\"showMoreButton\":true,\"showDirectPurchaseButton\":false,\"flagContext\":[],\"isKoreanNativeCattle\":false,\"stockAmountText\":\"12\",\"soldOutSoonText\":\"\",\"imageSrc\":\"/m/images/itemImage/2025/06/12/16/42/mo_thumb_productThumbnail_139751_20250612164255.jpg\",\"displayPriceForKg\":\"kg당 13,890원 | 총 10kg\",\"discountPercentText\":\"\",\"originPriceText\":\"\",\"priceText\":\"138,900원\",\"priceUnitTypeText\":\"\",\"morePriceYn\":false,\"isEventPlanRecommend\":false,\"distMainCd\":\"BF03\",\"distWayCd\":\"$undefined\",\"rWhCd\":\"0016\",\"statusName\":\"판매중\",\"keepingName\":\"냉동\",\"procName\":\"세절\u0026분쇄\",\"packName\":\"실링포장\"},{\"productSeq\":401654,\"itemSeq\":0,\"itemOptionSeq\":0,\"productName\":\"[다짐육] 삼겹양지 - 미국 | 엑셀 - 언그레이드\",\"sellMemberSeq\":139751,\"statusCd\":\"AC02\",\"itemKindCd\":\"A000\",\"itemKindName\":\"수입소\",\"monthAge\":0,\"markCert1Yn\":\"Y\",\"markCert2Yn\":\"N\",\"markCert3Yn\":\"N\",\"markCert5Yn\":\"N\",\"largePurchaseGbn\":\"N\",\"bundleDeliveryYn\":\"N\",\"jejuAreaYn\":\"N\",\"presentYn\":\"N\",\"unitYn\":\"N\",\"customizedCuttingYn\":\"N\",\"reviewStarPoint\":5,\"reviewCnt\":1,\"reviewPhotoCnt\":0,\"eventMsg\":\"다짐육 15kg(2.5kg*6ea)\",\"deliveryTypeCd\":\"DTP01\",\"deliveryType\":\"신선배송\",\"procDate\":\"$undefined\",\"mainDisplayCategorySeq\":0,\"mainCategoryPath\":\"$undefined\",\"subDisplayCategorySeq\":\"$undefined\",\"subCategoryPath\":\"$undefined\",\"stockAmount\":9,\"procYn\":\"N\",\"whCd\":\"0016\",\"displayKg\":15,\"baseBoxCnt\":1,\"sellStartDate\":\"2025-04-11\",\"sellEndDate\":\"2099-12-31\",\"minPrice\":8800,\"itemCnt\":1,\"diffItemPriceCnt\":1,\"existIncoming\":false,\"expectIncomingDueDate\":\"$undefined\",\"purposeSeq\":[],\"purpose\":[],\"meatMartYn\":\"N\",\"cuttingCd\":\"CU06\",\"thicknessCd\":\"\",\"thickness\":0,\"cuttingSpecCd\":\"$undefined\",\"cuttingSpec\":\"$undefined\",\"totalDisplayKgText\":\"15kg\",\"etcDisplayPriceText\":\"\",\"priceDisplayKg\":15,\"reviewStarPercent\":100,\"brandCd\":\"C001\",\"brandName\":\"엑셀\",\"keepingCd\":\"F002\",\"itemCatCd\":\"85\",\"itemCatName\":\"삼겹양지\",\"procCd\":\"P002\",\"originCd\":\"E002\",\"originName\":\"미국\",\"gradeCd\":\"D032\",\"gradeName\":\"언그레이드\",\"packCd\":\"N001\",\"productTypeCd\":\"RS02\",\"priceUnitTypeCd\":\"UA01\",\"productOption\":{\"guideImage\":\"GI001\",\"sampleApplyYn\":\"N\",\"desiredYn\":\"N\",\"mainImageTextDisplayYn\":\"Y\",\"franchiseProductYn\":\"N\",\"importYn\":\"N\",\"unitQuantity\":\"\",\"bundleUnitYn\":\"N\",\"exposureType\":\"P\",\"lastWeekMarketPrice\":\"0\",\"markCert5\":\"N\"},\"propertyData\":[],\"showCartButton\":true,\"showMoreButton\":true,\"showDirectPurchaseButton\":false,\"flagContext\":[],\"isKoreanNativeCattle\":false,\"stockAmountText\":\"9\",\"soldOutSoonText\":\"\",\"imageSrc\":\"/m/images/itemImage/2025/04/14/10/06/mo_thumb_productThumbnail_139751_20250414100644.jpg\",\"displayPriceForKg\":\"kg당 8,800원 | 총 15kg\",\"discountPercentText\":\"\",\"originPriceText\":\"\",\"priceText\":\"132,000원\",\"priceUnitTypeText\":\"\",\"morePriceYn\":false,\"isEventPlanRecommend\":false,\"distMainCd\":\"BF03\",\"distWayCd\":\"$undefined\",\"rWhCd\":\"0016\",\"statusName\":\"판매중\",\"keepingName\":\"냉동\",\"procName\":\"세절\u0026분쇄\",\"packName\":\"진공포장\"},{\"productSeq\":401083,\"itemSeq\":0,\"itemOptionSeq\":0,\"productName\":\"[업소용/슬라이스] 삼겹양지1.7mm - 미국 | 엑셀 - 언그레이드\",\"sellMemberSeq\":139751,\"statusCd\":\"AC02\",\"itemKindCd\":\"A000\",\"itemKindName\":\"수입소\",\"monthAge\":0,\"markCert1Yn\":\"Y\",\"markCert2Yn\":\"N\",\"markCert3Yn\":\"N\",\"markCert5Yn\":\"N\",\"largePurchaseGbn\":\"N\",\"bundleDeliveryYn\":\"N\",\"jejuAreaYn\":\"N\",\"presentYn\":\"N\",\"unitYn\":\"N\",\"customizedCuttingYn\":\"N\",\"reviewStarPoint\":0,\"reviewCnt\":0,\"reviewPhotoCnt\":0,\"eventMsg\":\"구이용/샤브샤브용 20kg(2.5kg*8ea)\",\"deliveryTypeCd\":\"DTP01\",\"deliveryType\":\"신선배송\",\"procDate\":\"$undefined\",\"mainDisplayCategorySeq\":0,\"mainCategoryPath\":\"$undefined\",\"subDisplayCategorySeq\":\"$undefined\",\"subCategoryPath\":\"$undefined\",\"stockAmount\":35,\"procYn\":\"N\",\"whCd\":\"0016\",\"displayKg\":20,\"baseBoxCnt\":1,\"sellStartDate\":\"2025-04-09\",\"sellEndDate\":\"2099-12-31\",\"minPrice\":10250,\"itemCnt\":1,\"diffItemPriceCnt\":1,\"existIncoming\":false,\"expectIncomingDueDate\":\"$undefined\",\"purposeSeq\":[],\"purpose\":[],\"meatMartYn\":\"N\",\"cuttingCd\":\"CU03\",\"thicknessCd\":\"TN39\",\"thickness\":1.7,\"cuttingSpecCd\":\"$undefined\",\"cuttingSpec\":\"$undefined\",\"totalDisplayKgText\":\"20kg\",\"etcDisplayPriceText\":\"\",\"priceDisplayKg\":20,\"reviewStarPercent\":0,\"brandCd\":\"C001\",\"brandName\":\"엑셀\",\"keepingCd\":\"F002\",\"itemCatCd\":\"85\",\"itemCatName\":\"삼겹양지\",\"procCd\":\"P002\",\"originCd\":\"E002\",\"originName\":\"미국\",\"gradeCd\":\"D032\",\"gradeName\":\"언그레이드\",\"packCd\":\"N013\",\"productTypeCd\":\"RS02\",\"priceUnitTypeCd\":\"UA01\",\"productOption\":{\"guideImage\":\"GI001\",\"sampleApplyYn\":\"N\",\"desiredYn\":\"N\",\"mainImageTextDisplayYn\":\"Y\",\"franchiseProductYn\":\"N\",\"importYn\":\"N\",\"unitQuantity\":\"\",\"bundleUnitYn\":\"N\",\"exposureType\":\"P\",\"lastWeekMarketPrice\":\"0\",\"markCert5\":\"N\"},\"propertyData\":[],\"showCartButton\":true,\"showMoreButton\":true,\"showDirectPurchaseButton\":false,\"flagContext\":[],\"isKoreanNativeCattle\":false,\"stockAmountText\":\"35\",\"soldOutSoonText\":\"\",\"imageSrc\":\"/m/images/itemImage/2025/04/10/13/50/mo_thumb_productThumbnail_139751_20250410135020.jpg\",\"displayPriceForKg\":\"kg당 10,250원 | 총 20kg\",\"discountPercentText\":\"\",\"originPriceText\":\"\",\"priceText\":\"205,000원\",\"priceUnitTypeText\":\"\",\"morePriceYn\":false,\"isEventPlanRecommend\":false,\"distMainCd\":\"BF03\",\"distWayCd\":\"$undefined\",\"rWhCd\":\"0016\",\"statusName\":\"판매중\",\"keepingName\":\"냉동\",\"procName\":\"세절\u0026분쇄\",\"packName\":\"실링포장\"},{\"productSeq\":400913,\"itemSeq\":0,\"itemOptionSeq\":0,\"productName\":\"[업소용/슬라이스] 차돌양지1.2mm - 호주 | AMH - GF\",\"sellMemberSeq\":139751,\"statusCd\":\"AC02\",\"itemKindCd\":\"A000\",\"itemKindName\":\"수입소\",\"monthAge\":0,\"markCert1Yn\":\"Y\",\"markCert2Yn\":\"N\",\"markCert3Yn\":\"N\",\"markCert5Yn\":\"N\",\"largePurchaseGbn\":\"N\",\"bundleDeliveryYn\":\"N\",\"jejuAreaYn\":\"N\",\"presentYn\":\"N\",\"unitYn\":\"N\",\"customizedCuttingYn\":\"N\",\"reviewStarPoint\":4,\"reviewCnt\":4,\"reviewPhotoCnt\":1,\"eventMsg\":\"구이용/샤브샤브용 15kg(3kg*5ea)\",\"deliveryTypeCd\":\"DTP01\",\"deliveryType\":\"신선배송\",\"procDate\":\"$undefined\",\"mainDisplayCategorySeq\":0,\"mainCategoryPath\":\"$undefined\",\"subDisplayCategorySeq\":\"$undefined\",\"subCategoryPath\":\"$undefined\",\"stockAmount\":11,\"procYn\":\"N\",\"whCd\":\"0016\",\"displayKg\":15,\"baseBoxCnt\":1,\"sellStartDate\":\"2025-04-08\",\"sellEndDate\":\"2099-12-31\",\"minPrice\":14580,\"itemCnt\":1,\"diffItemPriceCnt\":1,\"existIncoming\":false,\"expectIncomingDueDate\":\"$undefined\",\"purposeSeq\":[],\"purpose\":[],\"meatMartYn\":\"N\",\"cuttingCd\":\"CU03\",\"thicknessCd\":\"TN38\",\"thickness\":1.2,\"cuttingSpecCd\":\"$undefined\",\"cuttingSpec\":\"$undefined\",\"totalDisplayKgText\":\"15kg\",\"etcDisplayPriceText\":\"\",\"priceDisplayKg\":15,\"reviewStarPercent\":20,\"brandCd\":\"C014\",\"brandName\":\"AMH\",\"keepingCd\":\"F002\",\"itemCatCd\":\"44\",\"itemCatName\":\"차돌양지\",\"procCd\":\"P002\",\"originCd\":\"E003\",\"originName\":\"호주\",\"gradeCd\":\"D022\",\"gradeName\":\"GF\",\"packCd\":\"N013\",\"productTypeCd\":\"RS02\",\"priceUnitTypeCd\":\"UA01\",\"productOption\":{\"guideImage\":\"GI001\",\"sampleApplyYn\":\"N\",\"desiredYn\":\"N\",\"mainImageTextDisplayYn\":\"Y\",\"franchiseProductYn\":\"N\",\"importYn\":\"N\",\"unitQuantity\":\"\",\"bundleUnitYn\":\"N\",\"exposureType\":\"P\",\"lastWeekMarketPrice\":\"0\",\"markCert5\":\"N\"},\"propertyData\":[],\"showCartButton\":true,\"showMoreButton\":true,\"showDirectPurchaseButton\":false,\"flagContext\":[],\"isKoreanNativeCattle\":false,\"stockAmountText\":\"11\",\"soldOutSoonText\":\"\",\"imageSrc\":\"/m/images/itemImage/2025/07/03/16/34/mo_thumb_productThumbnail_139751_20250703163440.jpg\",\"displayPriceForKg\":\"kg당 14,580원 | 총 15kg\",\"discountPercentText\":\"\",\"originPriceText\":\"\",\"priceText\":\"218,700원\",\"priceUnitTypeText\":\"\",\"morePriceYn\":false,\"isEventPlanRecommend\":false,\"distMainCd\":\"BF03\",\"distWayCd\":\"$undefined\",\"rWhCd\":\"0016\",\"statusName\":\"판매중\",\"keepingName\":\"냉동\",\"procName\":\"세절\u0026분쇄\",\"packName\":\"실링포장\"},{\"productSeq\":400717,\"itemSeq\":0,\"itemOptionSeq\":0,\"productName\":\"[업소용/돌돌이] 차돌박이1.2mm - 미국 | 엑셀 - 초이스\",\"sellMemberSeq\":139751,\"statusCd\":\"AC02\",\"itemKindCd\":\"A000\",\"itemKindName\":\"수입소\",\"monthAge\":0,\"markCert1Yn\":\"Y\",\"markCert2Yn\":\"N\",\"markCert3Yn\":\"N\",\"markCert5Yn\":\"N\",\"largePurchaseGbn\":\"N\",\"bundleDeliveryYn\":\"N\",\"jejuAreaYn\":\"N\",\"presentYn\":\"N\",\"unitYn\":\"N\",\"customizedCuttingYn\":\"N\",\"reviewStarPoint\":0,\"reviewCnt\":0,\"reviewPhotoCnt\":0,\"eventMsg\":\"구이용.샤브샤브용 10kg(2.5kg*4봉)\",\"deliveryTypeCd\":\"DTP01\",\"deliveryType\":\"신선배송\",\"procDate\":\"$undefined\",\"mainDisplayCategorySeq\":0,\"mainCategoryPath\":\"$undefined\",\"subDisplayCategorySeq\":\"$undefined\",\"subCategoryPath\":\"$undefined\",\"stockAmount\":8,\"procYn\":\"N\",\"whCd\":\"0016\",\"displayKg\":10,\"baseBoxCnt\":1,\"sellStartDate\":\"2025-04-07\",\"sellEndDate\":\"2099-12-31\",\"minPrice\":17120,\"itemCnt\":1,\"diffItemPriceCnt\":1,\"existIncoming\":false,\"expectIncomingDueDate\":\"$undefined\",\"purposeSeq\":[],\"purpose\":[],\"meatMartYn\":\"N\",\"cuttingCd\":\"CU02\",\"thicknessCd\":\"TN38\",\"thickness\":1.2,\"cuttingSpecCd\":\"$undefined\",\"cuttingSpec\":\"$undefined\",\"totalDisplayKgText\":\"10kg\",\"etcDisplayPriceText\":\"\",\"priceDisplayKg\":10,\"reviewStarPercent\":0,\"brandCd\":\"C001\",\"brandName\":\"엑셀\",\"keepingCd\":\"F002\",\"itemCatCd\":\"42\",\"itemCatName\":\"차돌박이\",\"procCd\":\"P002\",\"originCd\":\"E002\",\"originName\":\"미국\",\"gradeCd\":\"D012\",\"gradeName\":\"초이스\",\"packCd\":\"N013\",\"productTypeCd\":\"RS02\",\"priceUnitTypeCd\":\"UA01\",\"productOption\":{\"guideImage\":\"GI001\",\"sampleApplyYn\":\"N\",\"desiredYn\":\"N\",\"mainImageTextDisplayYn\":\"Y\",\"franchiseProductYn\":\"N\",\"importYn\":\"N\",\"unitQuantity\":\"\",\"bundleUnitYn\":\"N\",\"exposureType\":\"P\",\"lastWeekMarketPrice\":\"0\",\"markCert5\":\"N\"},\"propertyData\":[],\"showCartButton\":true,\"showMoreButton\":true,\"showDirectPurchaseButton\":false,\"flagContext\":[],\"isKoreanNativeCattle\":false,\"stockAmountText\":\"8\",\"soldOutSoonText\":\"\",\"imageSrc\":\"/m/images/itemImage/2025/04/08/10/29/mo_thumb_productThumbnail_139751_20250408102913.jpg\",\"displayPriceForKg\":\"kg당 17,120원 | 총 10kg\",\"discountPercentText\":\"\",\"originPriceText\":\"\",\"priceText\":\"171,200원\",\"priceUnitTypeText\":\"\",\"morePriceYn\":false,\"isEventPlanRecommend\":false,\"distMainCd\":\"BF03\",\"distWayCd\":\"$undefined\",\"rWhCd\":\"0016\",\"statusName\":\"판매중\",\"keepingName\":\"냉동\",\"procName\":\"세절\u0026분쇄\",\"packName\":\"실링포장\"},{\"productSeq\":400663,\"itemSeq\":0,\"itemOptionSeq\":0,\"productName\":\"[업소용/돌돌이] 차돌양지1.2mm - 호주 | AMH - GF\",\"sellMemberSeq\":139751,\"statusCd\":\"AC02\",\"itemKindCd\":\"A000\",\"itemKindName\":\"수입소\",\"monthAge\":0,\"markCert1Yn\":\"Y\",\"markCert2Yn\":\"N\",\"markCert3Yn\":\"N\",\"markCert5Yn\":\"N\",\"largePurchaseGbn\":\"N\",\"bundleDeliveryYn\":\"N\",\"jejuAreaYn\":\"N\",\"presentYn\":\"N\",\"unitYn\":\"N\",\"customizedCuttingYn\":\"N\",\"reviewStarPoint\":0,\"reviewCnt\":0,\"reviewPhotoCnt\":0,\"eventMsg\":\"구이용.샤브샤브용 돌돌이10kg(2.5kg*4봉)\",\"deliveryTypeCd\":\"DTP01\",\"deliveryType\":\"신선배송\",\"procDate\":\"$undefined\",\"mainDisplayCategorySeq\":0,\"mainCategoryPath\":\"$undefined\",\"subDisplayCategorySeq\":\"$undefined\",\"subCategoryPath\":\"$undefined\",\"stockAmount\":1,\"procYn\":\"N\",\"whCd\":\"0016\",\"displayKg\":10,\"baseBoxCnt\":1,\"sellStartDate\":\"2025-04-07\",\"sellEndDate\":\"2099-12-31\",\"minPrice\":14060,\"itemCnt\":1,\"diffItemPriceCnt\":1,\"existIncoming\":false,\"expectIncomingDueDate\":\"$undefined\",\"purposeSeq\":[],\"purpose\":[],\"meatMartYn\":\"N\",\"cuttingCd\":\"CU02\",\"thicknessCd\":\"TN38\",\"thickness\":1.2,\"cuttingSpecCd\":\"$undefined\",\"cuttingSpec\":\"$undefined\",\"totalDisplayKgText\":\"10kg\",\"etcDisplayPriceText\":\"\",\"priceDisplayKg\":10,\"reviewStarPercent\":0,\"brandCd\":\"C014\",\"brandName\":\"AMH\",\"keepingCd\":\"F002\",\"itemCatCd\":\"44\",\"itemCatName\":\"차돌양지\",\"procCd\":\"P002\",\"originCd\":\"E003\",\"originName\":\"호주\",\"gradeCd\":\"D022\",\"gradeName\":\"GF\",\"packCd\":\"N013\",\"productTypeCd\":\"RS02\",\"priceUnitTypeCd\":\"UA01\",\"productOption\":{\"guideImage\":\"GI001\",\"sampleApplyYn\":\"N\",\"desiredYn\":\"N\",\"mainImageTextDisplayYn\":\"Y\",\"franchiseProductYn\":\"N\",\"importYn\":\"N\",\"unitQuantity\":\"\",\"bundleUnitYn\":\"N\",\"exposureType\":\"P\",\"lastWeekMarketPrice\":\"0\",\"markCert5\":\"N\"},\"propertyData\":[],\"showCartButton\":true,\"showMoreButton\":true,\"showDirectPurchaseButton\":false,\"flagContext\":[],\"isKoreanNativeCattle\":false,\"stockAmountText\":\"1\",\"soldOutSoonText\":\"1 곧 품절 예정\",\"imageSrc\":\"/m/images/itemImage/2025/06/12/16/41/mo_thumb_productThumbnail_139751_20250612164159.jpg\",\"displayPriceForKg\":\"kg당 14,060원 | 총 10kg\",\"discountPercentText\":\"\",\"originPriceText\":\"\",\"priceText\":\"140,600원\",\"priceUnitTypeText\":\"\",\"morePriceYn\":false,\"isEventPlanRecommend\":false,\"distMainCd\":\"BF03\",\"distWayCd\":\"$undefined\",\"rWhCd\":\"0016\",\"statusName\":\"판매중\",\"keepingName\":\"냉동\",\"procName\":\"세절\u0026분쇄\",\"packName\":\"실링포장\"},{\"productSeq\":400442,\"itemSeq\":0,\"itemOptionSeq\":0,\"productName\":\"[소량/큐브] 부채살20mm - 미국 | 스위프트 - 초이스\",\"sellMemberSeq\":139751,\"statusCd\":\"AC02\",\"itemKindCd\":\"A000\",\"itemKindName\":\"수입소\",\"monthAge\":0,\"markCert1Yn\":\"Y\",\"markCert2Yn\":\"N\",\"markCert3Yn\":\"N\",\"markCert5Yn\":\"N\",\"largePurchaseGbn\":\"N\",\"bundleDeliveryYn\":\"N\",\"jejuAreaYn\":\"N\",\"presentYn\":\"Y\",\"unitYn\":\"N\",\"customizedCuttingYn\":\"N\",\"reviewStarPoint\":0,\"reviewCnt\":0,\"reviewPhotoCnt\":0,\"eventMsg\":\"찹스테이크용 1kg\",\"deliveryTypeCd\":\"DTP04\",\"deliveryType\":\"택배\",\"procDate\":\"$undefined\",\"mainDisplayCategorySeq\":0,\"mainCategoryPath\":\"$undefined\",\"subDisplayCategorySeq\":\"$undefined\",\"subCategoryPath\":\"$undefined\",\"stockAmount\":8,\"procYn\":\"N\",\"whCd\":\"9999\",\"displayKg\":1,\"baseBoxCnt\":1,\"sellStartDate\":\"2025-04-04\",\"sellEndDate\":\"2099-12-31\",\"minPrice\":21960,\"itemCnt\":1,\"diffItemPriceCnt\":1,\"existIncoming\":false,\"expectIncomingDueDate\":\"$undefined\",\"purposeSeq\":[],\"purpose\":[],\"meatMartYn\":\"N\",\"cuttingCd\":\"CU10\",\"thicknessCd\":\"TN28\",\"thickness\":20,\"cuttingSpecCd\":\"$undefined\",\"cuttingSpec\":\"$undefined\",\"totalDisplayKgText\":\"1,000g\",\"etcDisplayPriceText\":\"\",\"priceDisplayKg\":1,\"reviewStarPercent\":0,\"brandCd\":\"C045\",\"brandName\":\"스위프트\",\"keepingCd\":\"F002\",\"itemCatCd\":\"30\",\"itemCatName\":\"부채살\",\"procCd\":\"P002\",\"originCd\":\"E002\",\"originName\":\"미국\",\"gradeCd\":\"D012\",\"gradeName\":\"초이스\",\"packCd\":\"N001\",\"productTypeCd\":\"RS02\",\"priceUnitTypeCd\":\"UA01\",\"productOption\":{\"guideImage\":\"GI001\",\"sampleApplyYn\":\"N\",\"desiredYn\":\"N\",\"mainImageTextDisplayYn\":\"Y\",\"franchiseProductYn\":\"N\",\"importYn\":\"N\",\"unitQuantity\":\"\",\"bundleUnitYn\":\"N\",\"exposureType\":\"P\",\"lastWeekMarketPrice\":\"0\",\"markCert5\":\"N\"},\"propertyData\":[],\"showCartButton\":true,\"showMoreButton\":true,\"showDirectPurchaseButton\":false,\"flagContext\":[],\"isKoreanNativeCattle\":false,\"stockAmountText\":\"8\",\"soldOutSoonText\":\"\",\"imageSrc\":\"/m/images/itemImage/2025/04/07/15/42/mo_thumb_productThumbnail_139751_20250407154227.jpg\",\"displayPriceForKg\":\"100g당 2,196원 | 총 1,000g\",\"discountPercentText\":\"\",\"originPriceText\":\"\",\"priceText\":\"21,960원\",\"priceUnitTypeText\":\"\",\"morePriceYn\":false,\"isEventPlanRecommend\":false,\"distMainCd\":\"BF02\",\"distWayCd\":\"BG02\",\"rWhCd\":\"9999\",\"statusName\":\"판매중\",\"keepingName\":\"냉동\",\"procName\":\"세절\u0026분쇄\",\"packName\":\"진공포장\"},{\"productSeq\":400441,\"itemSeq\":0,\"itemOptionSeq\":0,\"productName\":\"[소량/큐브] 부채살20mm - 미국 | 스위프트 - 초이스\",\"sellMemberSeq\":139751,\"statusCd\":\"AC02\",\"itemKindCd\":\"A000\",\"itemKindName\":\"수입소\",\"monthAge\":0,\"markCert1Yn\":\"Y\",\"markCert2Yn\":\"N\",\"markCert3Yn\":\"N\",\"markCert5Yn\":\"N\",\"largePurchaseGbn\":\"N\",\"bundleDeliveryYn\":\"N\",\"jejuAreaYn\":\"N\",\"presentYn\":\"Y\",\"unitYn\":\"N\",\"customizedCuttingYn\":\"N\",\"reviewStarPoint\":3.7,\"reviewCnt\":3,\"reviewPhotoCnt\":2,\"eventMsg\":\"찹스테이크용 3kg(1kg*3ea)\",\"deliveryTypeCd\":\"DTP04\",\"deliveryType\":\"택배\",\"procDate\":\"$undefined\",\"mainDisplayCategorySeq\":0,\"mainCategoryPath\":\"$undefined\",\"subDisplayCategorySeq\":\"$undefined\",\"subCategoryPath\":\"$undefined\",\"stockAmount\":16,\"procYn\":\"N\",\"whCd\":\"9999\",\"displayKg\":3,\"baseBoxCnt\":1,\"sellStartDate\":\"2025-04-04\",\"sellEndDate\":\"2099-12-31\",\"minPrice\":19000,\"itemCnt\":1,\"diffItemPriceCnt\":1,\"existIncoming\":false,\"expectIncomingDueDate\":\"$undefined\",\"purposeSeq\":[],\"purpose\":[],\"meatMartYn\":\"N\",\"cuttingCd\":\"CU10\",\"thicknessCd\":\"TN28\",\"thickness\":20,\"cuttingSpecCd\":\"$undefined\",\"cuttingSpec\":\"$undefined\",\"totalDisplayKgText\":\"3,000g\",\"etcDisplayPriceText\":\"\",\"priceDisplayKg\":3,\"reviewStarPercent\":24.7,\"brandCd\":\"C045\",\"brandName\":\"스위프트\",\"keepingCd\":\"F002\",\"itemCatCd\":\"30\",\"itemCatName\":\"부채살\",\"procCd\":\"P002\",\"originCd\":\"E002\",\"originName\":\"미국\",\"gradeCd\":\"D012\",\"gradeName\":\"초이스\",\"packCd\":\"N001\",\"productTypeCd\":\"RS02\",\"priceUnitTypeCd\":\"UA01\",\"productOption\":{\"guideImage\":\"GI001\",\"sampleApplyYn\":\"N\",\"desiredYn\":\"N\",\"mainImageTextDisplayYn\":\"Y\",\"franchiseProductYn\":\"N\",\"importYn\":\"N\",\"unitQuantity\":\"\",\"bundleUnitYn\":\"N\",\"exposureType\":\"P\",\"lastWeekMarketPrice\":\"0\",\"markCert5\":\"N\"},\"propertyData\":[],\"showCartButton\":true,\"showMoreButton\":true,\"showDirectPurchaseButton\":false,\"flagContext\":[],\"isKoreanNativeCattle\":false,\"stockAmountText\":\"16\",\"soldOutSoonText\":\"\",\"imageSrc\":\"/m/images/itemImage/2025/04/04/17/56/mo_thumb_productThumbnail_139751_20250404175648.jpg\",\"displayPriceForKg\":\"100g당 1,900원 | 총 3,000g\",\"discountPercentText\":\"\",\"originPriceText\":\"\",\"priceText\":\"57,000원\",\"priceUnitTypeText\":\"\",\"morePriceYn\":false,\"isEventPlanRecommend\":false,\"distMainCd\":\"BF02\",\"distWayCd\":\"BG02\",\"rWhCd\":\"9999\",\"statusName\":\"판매중\",\"keepingName\":\"냉동\",\"procName\":\"세절\u0026분쇄\",\"packName\":\"진공포장\"},{\"productSeq\":400440,\"itemSeq\":0,\"itemOptionSeq\":0,\"productName\":\"[업소용/큐브] 부채살20mm - 미국 | 스위프트 - 초이스\",\"sellMemberSeq\":139751,\"statusCd\":\"AC02\",\"itemKindCd\":\"A000\",\"itemKindName\":\"수입소\",\"monthAge\":0,\"markCert1Yn\":\"Y\",\"markCert2Yn\":\"N\",\"markCert3Yn\":\"N\",\"markCert5Yn\":\"N\",\"largePurchaseGbn\":\"N\",\"bundleDeliveryYn\":\"N\",\"jejuAreaYn\":\"N\",\"presentYn\":\"Y\",\"unitYn\":\"N\",\"customizedCuttingYn\":\"N\",\"reviewStarPoint\":3.7,\"reviewCnt\":3,\"reviewPhotoCnt\":3,\"eventMsg\":\"찹스테이크용 6kg(1kg*6ea)\",\"deliveryTypeCd\":\"DTP04\",\"deliveryType\":\"택배\",\"procDate\":\"$undefined\",\"mainDisplayCategorySeq\":0,\"mainCategoryPath\":\"$undefined\",\"subDisplayCategorySeq\":\"$undefined\",\"subCategoryPath\":\"$undefined\",\"stockAmount\":6,\"procYn\":\"N\",\"whCd\":\"9999\",\"displayKg\":6,\"baseBoxCnt\":1,\"sellStartDate\":\"2025-04-04\",\"sellEndDate\":\"2099-12-31\",\"minPrice\":18490,\"itemCnt\":1,\"diffItemPriceCnt\":1,\"existIncoming\":false,\"expectIncomingDueDate\":\"$undefined\",\"purposeSeq\":[],\"purpose\":[],\"meatMartYn\":\"N\",\"cuttingCd\":\"CU10\",\"thicknessCd\":\"TN28\",\"thickness\":20,\"cuttingSpecCd\":\"$undefined\",\"cuttingSpec\":\"$undefined\",\"totalDisplayKgText\":\"6kg\",\"etcDisplayPriceText\":\"\",\"priceDisplayKg\":6,\"reviewStarPercent\":24.7,\"brandCd\":\"C045\",\"brandName\":\"스위프트\",\"keepingCd\":\"F002\",\"itemCatCd\":\"30\",\"itemCatName\":\"부채살\",\"procCd\":\"P002\",\"originCd\":\"E002\",\"originName\":\"미국\",\"gradeCd\":\"D012\",\"gradeName\":\"초이스\",\"packCd\":\"N001\",\"productTypeCd\":\"RS02\",\"priceUnitTypeCd\":\"UA01\",\"productOption\":{\"guideImage\":\"GI001\",\"sampleApplyYn\":\"N\",\"desiredYn\":\"N\",\"mainImageTextDisplayYn\":\"Y\",\"franchiseProductYn\":\"N\",\"importYn\":\"N\",\"unitQuantity\":\"\",\"bundleUnitYn\":\"N\",\"exposureType\":\"P\",\"lastWeekMarketPrice\":\"0\",\"markCert5\":\"N\"},\"propertyData\":[],\"showCartButton\":true,\"showMoreButton\":true,\"showDirectPurchaseButton\":false,\"flagContext\":[],\"isKoreanNativeCattle\":false,\"stockAmountText\":\"6\",\"soldOutSoonText\":\"\",\"imageSrc\":\"/m/images/itemImage/2025/04/04/17/55/mo_thumb_productThumbnail_139751_20250404175537.jpg\",\"displayPriceForKg\":\"kg당 18,490원 | 총 6kg\",\"discountPercentText\":\"\",\"originPriceText\":\"\",\"priceText\":\"110,940원\",\"priceUnitTypeText\":\"\",\"morePriceYn\":false,\"isEventPlanRecommend\":false,\"distMainCd\":\"BF02\",\"distWayCd\":\"BG02\",\"rWhCd\":\"9999\",\"statusName\":\"판매중\",\"keepingName\":\"냉동\",\"procName\":\"세절\u0026분쇄\",\"packName\":\"진공포장\"},{\"productSeq\":400439,\"itemSeq\":0,\"itemOptionSeq\":0,\"productName\":\"[업소용/큐브] 부채살20mm - 미국 | 스위프트 - 초이스\",\"sellMemberSeq\":139751,\"statusCd\":\"AC02\",\"itemKindCd\":\"A000\",\"itemKindName\":\"수입소\",\"monthAge\":0,\"markCert1Yn\":\"Y\",\"markCert2Yn\":\"N\",\"markCert3Yn\":\"N\",\"markCert5Yn\":\"N\",\"largePurchaseGbn\":\"N\",\"bundleDeliveryYn\":\"N\",\"jejuAreaYn\":\"N\",\"presentYn\":\"Y\",\"unitYn\":\"N\",\"customizedCuttingYn\":\"N\",\"reviewStarPoint\":1,\"reviewCnt\":1,\"reviewPhotoCnt\":0,\"eventMsg\":\"찹스테이크용 10kg(1kg*10ea)\",\"deliveryTypeCd\":\"DTP04\",\"deliveryType\":\"택배\",\"procDate\":\"$undefined\",\"mainDisplayCategorySeq\":0,\"mainCategoryPath\":\"$undefined\",\"subDisplayCategorySeq\":\"$undefined\",\"subCategoryPath\":\"$undefined\",\"stockAmount\":9,\"procYn\":\"N\",\"whCd\":\"9999\",\"displayKg\":10,\"baseBoxCnt\":1,\"sellStartDate\":\"2025-04-04\",\"sellEndDate\":\"2099-12-31\",\"minPrice\":17500,\"itemCnt\":1,\"diffItemPriceCnt\":1,\"existIncoming\":false,\"expectIncomingDueDate\":\"$undefined\",\"purposeSeq\":[],\"purpose\":[],\"meatMartYn\":\"N\",\"cuttingCd\":\"CU10\",\"thicknessCd\":\"TN28\",\"thickness\":20,\"cuttingSpecCd\":\"$undefined\",\"cuttingSpec\":\"$undefined\",\"totalDisplayKgText\":\"10kg\",\"etcDisplayPriceText\":\"\",\"priceDisplayKg\":10,\"reviewStarPercent\":20,\"brandCd\":\"C045\",\"brandName\":\"스위프트\",\"keepingCd\":\"F002\",\"itemCatCd\":\"30\",\"itemCatName\":\"부채살\",\"procCd\":\"P002\",\"originCd\":\"E002\",\"originName\":\"미국\",\"gradeCd\":\"D012\",\"gradeName\":\"초이스\",\"packCd\":\"N001\",\"productTypeCd\":\"RS02\",\"priceUnitTypeCd\":\"UA01\",\"productOption\":{\"guideImage\":\"GI001\",\"sampleApplyYn\":\"N\",\"desiredYn\":\"N\",\"mainImageTextDisplayYn\":\"Y\",\"franchiseProductYn\":\"N\",\"importYn\":\"N\",\"unitQuantity\":\"\",\"bundleUnitYn\":\"N\",\"exposureType\":\"P\",\"lastWeekMarketPrice\":\"0\",\"markCert5\":\"N\"},\"propertyData\":[],\"showCartButton\":true,\"showMoreButton\":true,\"showDirectPurchaseButton\":false,\"flagContext\":[],\"isKoreanNativeCattle\":false,\"stockAmountText\":\"9\",\"soldOutSoonText\":\"\",\"imageSrc\":\"/m/images/itemImage/2025/04/04/17/54/mo_thumb_productThumbnail_139751_20250404175437.jpg\",\"displayPriceForKg\":\"kg당 17,500원 | 총 10kg\",\"discountPercentText\":\"\",\"originPriceText\":\"\",\"priceText\":\"175,000원\",\"priceUnitTypeText\":\"\",\"morePriceYn\":false,\"isEventPlanRecommend\":false,\"distMainCd\":\"BF02\",\"distWayCd\":\"BG02\",\"rWhCd\":\"9999\",\"statusName\":\"판매중\",\"keepingName\":\"냉동\",\"procName\":\"세절\u0026분쇄\",\"packName\":\"진공포장\"},{\"productSeq\":399980,\"itemSeq\":0,\"itemOptionSeq\":0,\"productName\":\"[업소용/절단] 목뼈 - 호주 | GREENSTOCK/울워스 - S\",\"sellMemberSeq\":139751,\"statusCd\":\"AC02\",\"itemKindCd\":\"A000\",\"itemKindName\":\"수입소\",\"monthAge\":0,\"markCert1Yn\":\"Y\",\"markCert2Yn\":\"N\",\"markCert3Yn\":\"N\",\"markCert5Yn\":\"N\",\"largePurchaseGbn\":\"N\",\"bundleDeliveryYn\":\"N\",\"jejuAreaYn\":\"N\",\"presentYn\":\"N\",\"unitYn\":\"N\",\"customizedCuttingYn\":\"N\",\"reviewStarPoint\":0,\"reviewCnt\":0,\"reviewPhotoCnt\":0,\"eventMsg\":\"해장국,탕용20kg (20mm~40mm)\",\"deliveryTypeCd\":\"DTP01\",\"deliveryType\":\"신선배송\",\"procDate\":\"$undefined\",\"mainDisplayCategorySeq\":0,\"mainCategoryPath\":\"$undefined\",\"subDisplayCategorySeq\":\"$undefined\",\"subCategoryPath\":\"$undefined\",\"stockAmount\":4,\"procYn\":\"N\",\"whCd\":\"0016\",\"displayKg\":20,\"baseBoxCnt\":1,\"sellStartDate\":\"2025-04-02\",\"sellEndDate\":\"2099-12-31\",\"minPrice\":5400,\"itemCnt\":1,\"diffItemPriceCnt\":1,\"existIncoming\":false,\"expectIncomingDueDate\":\"$undefined\",\"purposeSeq\":[],\"purpose\":[],\"meatMartYn\":\"N\",\"cuttingCd\":\"CU04\",\"thicknessCd\":\"\",\"thickness\":0,\"cuttingSpecCd\":\"\",\"cuttingSpec\":\"$undefined\",\"totalDisplayKgText\":\"20kg\",\"etcDisplayPriceText\":\"\",\"priceDisplayKg\":20,\"reviewStarPercent\":0,\"brandCd\":\"C835\",\"brandName\":\"GREENSTOCK/울워스\",\"keepingCd\":\"F002\",\"itemCatCd\":\"38\",\"itemCatName\":\"목뼈\",\"procCd\":\"P002\",\"originCd\":\"E003\",\"originName\":\"호주\",\"gradeCd\":\"D019\",\"gradeName\":\"S\",\"packCd\":\"N008\",\"productTypeCd\":\"RS02\",\"priceUnitTypeCd\":\"UA01\",\"productOption\":{\"guideImage\":\"GI001\",\"sampleApplyYn\":\"N\",\"desiredYn\":\"N\",\"mainImageTextDisplayYn\":\"Y\",\"franchiseProductYn\":\"N\",\"importYn\":\"N\",\"unitQuantity\":\"\",\"bundleUnitYn\":\"N\",\"exposureType\":\"P\",\"lastWeekMarketPrice\":\"0\",\"markCert5\":\"N\"},\"propertyData\":[],\"showCartButton\":true,\"showMoreButton\":true,\"showDirectPurchaseButton\":false,\"flagContext\":[],\"isKoreanNativeCattle\":false,\"stockAmountText\":\"4\",\"soldOutSoonText\":\"4 곧 품절 예정\",\"imageSrc\":\"/m/images/itemImage/2025/04/03/14/36/mo_thumb_productThumbnail_139751_20250403143637.jpg\",\"displayPriceForKg\":\"kg당 5,400원 | 총 20kg\",\"discountPercentText\":\"\",\"originPriceText\":\"\",\"priceText\":\"108,000원\",\"priceUnitTypeText\":\"\",\"morePriceYn\":false,\"isEventPlanRecommend\":false,\"distMainCd\":\"BF03\",\"distWayCd\":\"$undefined\",\"rWhCd\":\"0016\",\"statusName\":\"판매중\",\"keepingName\":\"냉동\",\"procName\":\"세절\u0026분쇄\",\"packName\":\"벌크포장\"},{\"productSeq\":399805,\"itemSeq\":0,\"itemOptionSeq\":0,\"productName\":\"[소량/슬라이스] 부채살2mm - 호주 | 킬코이 - GF\",\"sellMemberSeq\":139751,\"statusCd\":\"AC02\",\"itemKindCd\":\"A000\",\"itemKindName\":\"수입소\",\"monthAge\":0,\"markCert1Yn\":\"Y\",\"markCert2Yn\":\"N\",\"markCert3Yn\":\"N\",\"markCert5Yn\":\"N\",\"largePurchaseGbn\":\"N\",\"bundleDeliveryYn\":\"N\",\"jejuAreaYn\":\"N\",\"presentYn\":\"Y\",\"unitYn\":\"N\",\"customizedCuttingYn\":\"N\",\"reviewStarPoint\":4.2,\"reviewCnt\":5,\"reviewPhotoCnt\":3,\"eventMsg\":\"구이용/샤브샤브용 1kg\",\"deliveryTypeCd\":\"DTP04\",\"deliveryType\":\"택배\",\"procDate\":\"$undefined\",\"mainDisplayCategorySeq\":0,\"mainCategoryPath\":\"$undefined\",\"subDisplayCategorySeq\":\"$undefined\",\"subCategoryPath\":\"$undefined\",\"stockAmount\":13,\"procYn\":\"N\",\"whCd\":\"9999\",\"displayKg\":1,\"baseBoxCnt\":1,\"sellStartDate\":\"2025-04-01\",\"sellEndDate\":\"2099-12-31\",\"minPrice\":20640,\"itemCnt\":1,\"diffItemPriceCnt\":1,\"existIncoming\":false,\"expectIncomingDueDate\":\"$undefined\",\"purposeSeq\":[],\"purpose\":[],\"meatMartYn\":\"N\",\"cuttingCd\":\"CU03\",\"thicknessCd\":\"TN02\",\"thickness\":2,\"cuttingSpecCd\":\"\",\"cuttingSpec\":\"$undefined\",\"totalDisplayKgText\":\"1,000g\",\"etcDisplayPriceText\":\"\",\"priceDisplayKg\":1,\"reviewStarPercent\":16.8,\"brandCd\":\"C052\",\"brandName\":\"킬코이\",\"keepingCd\":\"F002\",\"itemCatCd\":\"30\",\"itemCatName\":\"부채살\",\"procCd\":\"P002\",\"originCd\":\"E003\",\"originName\":\"호주\",\"gradeCd\":\"D022\",\"gradeName\":\"GF\",\"packCd\":\"N019\",\"productTypeCd\":\"RS02\",\"priceUnitTypeCd\":\"UA01\",\"productOption\":{\"guideImage\":\"GI001\",\"sampleApplyYn\":\"N\",\"desiredYn\":\"N\",\"mainImageTextDisplayYn\":\"Y\",\"franchiseProductYn\":\"N\",\"importYn\":\"N\",\"unitQuantity\":\"\",\"bundleUnitYn\":\"N\",\"exposureType\":\"P\",\"lastWeekMarketPrice\":\"0\",\"markCert5\":\"N\"},\"propertyData\":[],\"showCartButton\":true,\"showMoreButton\":true,\"showDirectPurchaseButton\":false,\"flagContext\":[],\"isKoreanNativeCattle\":false,\"stockAmountText\":\"13\",\"soldOutSoonText\":\"\",\"imageSrc\":\"/m/images/itemImage/2025/04/02/14/38/mo_thumb_productThumbnail_139751_20250402143825.jpg\",\"displayPriceForKg\":\"100g당 2,064원 | 총 1,000g\",\"discountPercentText\":\"\",\"originPriceText\":\"\",\"priceText\":\"20,640원\",\"priceUnitTypeText\":\"\",\"morePriceYn\":false,\"isEventPlanRecommend\":false,\"distMainCd\":\"BF02\",\"distWayCd\":\"BG02\",\"rWhCd\":\"9999\",\"statusName\":\"판매중\",\"keepingName\":\"냉동\",\"procName\":\"세절\u0026분쇄\",\"packName\":\"열성형진공포장\"},{\"productSeq\":399744,\"itemSeq\":0,\"itemOptionSeq\":0,\"productName\":\"[업소용/슬라이스] 부채살2mm - 호주 | 킬코이 - GF\",\"sellMemberSeq\":139751,\"statusCd\":\"AC02\",\"itemKindCd\":\"A000\",\"itemKindName\":\"수입소\",\"monthAge\":0,\"markCert1Yn\":\"Y\",\"markCert2Yn\":\"N\",\"markCert3Yn\":\"N\",\"markCert5Yn\":\"N\",\"largePurchaseGbn\":\"N\",\"bundleDeliveryYn\":\"N\",\"jejuAreaYn\":\"N\",\"presentYn\":\"Y\",\"unitYn\":\"N\",\"customizedCuttingYn\":\"N\",\"reviewStarPoint\":3.7,\"reviewCnt\":3,\"reviewPhotoCnt\":2,\"eventMsg\":\"구이용/샤브샤브용 10kg(1kg*10ea)\",\"deliveryTypeCd\":\"DTP04\",\"deliveryType\":\"택배\",\"procDate\":\"$undefined\",\"mainDisplayCategorySeq\":0,\"mainCategoryPath\":\"$undefined\",\"subDisplayCategorySeq\":\"$undefined\",\"subCategoryPath\":\"$undefined\",\"stockAmount\":6,\"procYn\":\"N\",\"whCd\":\"9999\",\"displayKg\":10,\"baseBoxCnt\":1,\"sellStartDate\":\"2025-04-01\",\"sellEndDate\":\"2099-12-31\",\"minPrice\":16900,\"itemCnt\":1,\"diffItemPriceCnt\":1,\"existIncoming\":false,\"expectIncomingDueDate\":\"$undefined\",\"purposeSeq\":[],\"purpose\":[],\"meatMartYn\":\"N\",\"cuttingCd\":\"CU03\",\"thicknessCd\":\"TN02\",\"thickness\":2,\"cuttingSpecCd\":\"\",\"cuttingSpec\":\"$undefined\",\"totalDisplayKgText\":\"10kg\",\"etcDisplayPriceText\":\"\",\"priceDisplayKg\":10,\"reviewStarPercent\":24.7,\"brandCd\":\"C052\",\"brandName\":\"킬코이\",\"keepingCd\":\"F002\",\"itemCatCd\":\"30\",\"itemCatName\":\"부채살\",\"procCd\":\"P002\",\"originCd\":\"E003\",\"originName\":\"호주\",\"gradeCd\":\"D022\",\"gradeName\":\"GF\",\"packCd\":\"N019\",\"productTypeCd\":\"RS02\",\"priceUnitTypeCd\":\"UA01\",\"productOption\":{\"guideImage\":\"GI001\",\"sampleApplyYn\":\"N\",\"desiredYn\":\"N\",\"mainImageTextDisplayYn\":\"Y\",\"franchiseProductYn\":\"N\",\"importYn\":\"N\",\"unitQuantity\":\"\",\"bundleUnitYn\":\"N\",\"exposureType\":\"P\",\"lastWeekMarketPrice\":\"0\",\"markCert5\":\"N\"},\"propertyData\":[],\"showCartButton\":true,\"showMoreButton\":true,\"showDirectPurchaseButton\":false,\"flagContext\":[],\"isKoreanNativeCattle\":false,\"stockAmountText\":\"6\",\"soldOutSoonText\":\"\",\"imageSrc\":\"/m/images/itemImage/2025/04/02/14/37/mo_thumb_productThumbnail_139751_20250402143710.jpg\",\"displayPriceForKg\":\"kg당 16,900원 | 총 10kg\",\"discountPercentText\":\"\",\"originPriceText\":\"\",\"priceText\":\"169,000원\",\"priceUnitTypeText\":\"\",\"morePriceYn\":false,\"isEventPlanRecommend\":false,\"distMainCd\":\"BF02\",\"distWayCd\":\"BG02\",\"rWhCd\":\"9999\",\"statusName\":\"판매중\",\"keepingName\":\"냉동\",\"procName\":\"세절\u0026분쇄\",\"packName\":\"열성형진공포장\"},{\"productSeq\":399743,\"itemSeq\":0,\"itemOptionSeq\":0,\"productName\":\"[업소용/슬라이스] 부채살2mm - 호주 | 킬코이 - GF\",\"sellMemberSeq\":139751,\"statusCd\":\"AC02\",\"itemKindCd\":\"A000\",\"itemKindName\":\"수입소\",\"monthAge\":0,\"markCert1Yn\":\"Y\",\"markCert2Yn\":\"N\",\"markCert3Yn\":\"N\",\"markCert5Yn\":\"N\",\"largePurchaseGbn\":\"N\",\"bundleDeliveryYn\":\"N\",\"jejuAreaYn\":\"N\",\"presentYn\":\"Y\",\"unitYn\":\"N\",\"customizedCuttingYn\":\"N\",\"reviewStarPoint\":4,\"reviewCnt\":4,\"reviewPhotoCnt\":2,\"eventMsg\":\"구이용/샤브샤브용 6kg(1kg*6ea)\",\"deliveryTypeCd\":\"DTP04\",\"deliveryType\":\"택배\",\"procDate\":\"$undefined\",\"mainDisplayCategorySeq\":0,\"mainCategoryPath\":\"$undefined\",\"subDisplayCategorySeq\":\"$undefined\",\"subCategoryPath\":\"$undefined\",\"stockAmount\":10,\"procYn\":\"N\",\"whCd\":\"9999\",\"displayKg\":6,\"baseBoxCnt\":1,\"sellStartDate\":\"2025-04-01\",\"sellEndDate\":\"2099-12-31\",\"minPrice\":17160,\"itemCnt\":1,\"diffItemPriceCnt\":1,\"existIncoming\":false,\"expectIncomingDueDate\":\"$undefined\",\"purposeSeq\":[],\"purpose\":[],\"meatMartYn\":\"N\",\"cuttingCd\":\"CU03\",\"thicknessCd\":\"TN02\",\"thickness\":2,\"cuttingSpecCd\":\"\",\"cuttingSpec\":\"$undefined\",\"totalDisplayKgText\":\"6kg\",\"etcDisplayPriceText\":\"\",\"priceDisplayKg\":6,\"reviewStarPercent\":20,\"brandCd\":\"C052\",\"brandName\":\"킬코이\",\"keepingCd\":\"F002\",\"itemCatCd\":\"30\",\"itemCatName\":\"부채살\",\"procCd\":\"P002\",\"originCd\":\"E003\",\"originName\":\"호주\",\"gradeCd\":\"D022\",\"gradeName\":\"GF\",\"packCd\":\"N019\",\"productTypeCd\":\"RS02\",\"priceUnitTypeCd\":\"UA01\",\"productOption\":{\"guideImage\":\"GI001\",\"sampleApplyYn\":\"N\",\"desiredYn\":\"N\",\"mainImageTextDisplayYn\":\"Y\",\"franchiseProductYn\":\"N\",\"importYn\":\"N\",\"unitQuantity\":\"\",\"bundleUnitYn\":\"N\",\"exposureType\":\"P\",\"lastWeekMarketPrice\":\"0\",\"markCert5\":\"N\"},\"propertyData\":[],\"showCartButton\":true,\"showMoreButton\":true,\"showDirectPurchaseButton\":false,\"flagContext\":[],\"isKoreanNativeCattle\":false,\"stockAmountText\":\"10\",\"soldOutSoonText\":\"\",\"imageSrc\":\"/m/images/itemImage/2025/04/02/14/32/mo_thumb_productThumbnail_139751_20250402143240.jpg\",\"displayPriceForKg\":\"kg당 17,160원 | 총 6kg\",\"discountPercentText\":\"\",\"originPriceText\":\"\",\"priceText\":\"102,960원\",\"priceUnitTypeText\":\"\",\"morePriceYn\":false,\"isEventPlanRecommend\":false,\"distMainCd\":\"BF02\",\"distWayCd\":\"BG02\",\"rWhCd\":\"9999\",\"statusName\":\"판매중\",\"keepingName\":\"냉동\",\"procName\":\"세절\u0026분쇄\",\"packName\":\"열성형진공포장\"},{\"productSeq\":399742,\"itemSeq\":0,\"itemOptionSeq\":0,\"productName\":\"[소량/슬라이스] 부채살2mm - 호주 | 킬코이 - GF\",\"sellMemberSeq\":139751,\"statusCd\":\"AC02\",\"itemKindCd\":\"A000\",\"itemKindName\":\"수입소\",\"monthAge\":0,\"markCert1Yn\":\"Y\",\"markCert2Yn\":\"N\",\"markCert3Yn\":\"N\",\"markCert5Yn\":\"N\",\"largePurchaseGbn\":\"N\",\"bundleDeliveryYn\":\"N\",\"jejuAreaYn\":\"N\",\"presentYn\":\"Y\",\"unitYn\":\"N\",\"customizedCuttingYn\":\"N\",\"reviewStarPoint\":4.3,\"reviewCnt\":4,\"reviewPhotoCnt\":2,\"eventMsg\":\"구이용/샤브샤브용 3kg(1kg*3ea)\",\"deliveryTypeCd\":\"DTP04\",\"deliveryType\":\"택배\",\"procDate\":\"$undefined\",\"mainDisplayCategorySeq\":0,\"mainCategoryPath\":\"$undefined\",\"subDisplayCategorySeq\":\"$undefined\",\"subCategoryPath\":\"$undefined\",\"stockAmount\":4,\"procYn\":\"N\",\"whCd\":\"9999\",\"displayKg\":3,\"baseBoxCnt\":1,\"sellStartDate\":\"2025-04-01\",\"sellEndDate\":\"2099-12-31\",\"minPrice\":17690,\"itemCnt\":1,\"diffItemPriceCnt\":1,\"existIncoming\":false,\"expectIncomingDueDate\":\"$undefined\",\"purposeSeq\":[],\"purpose\":[],\"meatMartYn\":\"N\",\"cuttingCd\":\"CU03\",\"thicknessCd\":\"TN02\",\"thickness\":2,\"cuttingSpecCd\":\"\",\"cuttingSpec\":\"$undefined\",\"totalDisplayKgText\":\"3,000g\",\"etcDisplayPriceText\":\"\",\"priceDisplayKg\":3,\"reviewStarPercent\":21.5,\"brandCd\":\"C052\",\"brandName\":\"킬코이\",\"keepingCd\":\"F002\",\"itemCatCd\":\"30\",\"itemCatName\":\"부채살\",\"procCd\":\"P002\",\"originCd\":\"E003\",\"originName\":\"호주\",\"gradeCd\":\"D022\",\"gradeName\":\"GF\",\"packCd\":\"N019\",\"productTypeCd\":\"RS02\",\"priceUnitTypeCd\":\"UA01\",\"productOption\":{\"guideImage\":\"GI001\",\"sampleApplyYn\":\"N\",\"desiredYn\":\"N\",\"mainImageTextDisplayYn\":\"Y\",\"franchiseProductYn\":\"N\",\"importYn\":\"N\",\"unitQuantity\":\"\",\"bundleUnitYn\":\"N\",\"exposureType\":\"P\",\"lastWeekMarketPrice\":\"0\",\"markCert5\":\"N\"},\"propertyData\":[],\"showCartButton\":true,\"showMoreButton\":true,\"showDirectPurchaseButton\":false,\"flagContext\":[],\"isKoreanNativeCattle\":false,\"stockAmountText\":\"4\",\"soldOutSoonText\":\"4 곧 품절 예정\",\"imageSrc\":\"/m/images/itemImage/2025/04/02/14/26/mo_thumb_productThumbnail_139751_20250402142602.jpg\",\"displayPriceForKg\":\"100g당 1,769원 | 총 3,000g\",\"discountPercentText\":\"\",\"originPriceText\":\"\",\"priceText\":\"53,070원\",\"priceUnitTypeText\":\"\",\"morePriceYn\":false,\"isEventPlanRecommend\":false,\"distMainCd\":\"BF02\",\"distWayCd\":\"BG02\",\"rWhCd\":\"9999\",\"statusName\":\"판매중\",\"keepingName\":\"냉동\",\"procName\":\"세절\u0026분쇄\",\"packName\":\"열성형진공포장\"},{\"productSeq\":399719,\"itemSeq\":0,\"itemOptionSeq\":0,\"productName\":\"[업소용/슬라이스] 부채살2mm - 호주 | 킬코이 - GF\",\"sellMemberSeq\":139751,\"statusCd\":\"AC02\",\"itemKindCd\":\"A000\",\"itemKindName\":\"수입소\",\"monthAge\":0,\"markCert1Yn\":\"Y\",\"markCert2Yn\":\"N\",\"markCert3Yn\":\"N\",\"markCert5Yn\":\"N\",\"largePurchaseGbn\":\"N\",\"bundleDeliveryYn\":\"N\",\"jejuAreaYn\":\"N\",\"presentYn\":\"N\",\"unitYn\":\"N\",\"customizedCuttingYn\":\"N\",\"reviewStarPoint\":4,\"reviewCnt\":1,\"reviewPhotoCnt\":0,\"eventMsg\":\"구이용/샤브샤브용 20kg(1kg*20ea)\",\"deliveryTypeCd\":\"DTP01\",\"deliveryType\":\"신선배송\",\"procDate\":\"$undefined\",\"mainDisplayCategorySeq\":0,\"mainCategoryPath\":\"$undefined\",\"subDisplayCategorySeq\":\"$undefined\",\"subCategoryPath\":\"$undefined\",\"stockAmount\":19,\"procYn\":\"N\",\"whCd\":\"0016\",\"displayKg\":20,\"baseBoxCnt\":1,\"sellStartDate\":\"2025-04-01\",\"sellEndDate\":\"2099-12-31\",\"minPrice\":16880,\"itemCnt\":1,\"diffItemPriceCnt\":1,\"existIncoming\":false,\"expectIncomingDueDate\":\"$undefined\",\"purposeSeq\":[],\"purpose\":[],\"meatMartYn\":\"N\",\"cuttingCd\":\"CU03\",\"thicknessCd\":\"TN02\",\"thickness\":2,\"cuttingSpecCd\":\"\",\"cuttingSpec\":\"$undefined\",\"totalDisplayKgText\":\"20kg\",\"etcDisplayPriceText\":\"\",\"priceDisplayKg\":20,\"reviewStarPercent\":80,\"brandCd\":\"C052\",\"brandName\":\"킬코이\",\"keepingCd\":\"F002\",\"itemCatCd\":\"30\",\"itemCatName\":\"부채살\",\"procCd\":\"P002\",\"originCd\":\"E003\",\"originName\":\"호주\",\"gradeCd\":\"D022\",\"gradeName\":\"GF\",\"packCd\":\"N019\",\"productTypeCd\":\"RS02\",\"priceUnitTypeCd\":\"UA01\",\"productOption\":{\"guideImage\":\"GI001\",\"sampleApplyYn\":\"N\",\"desiredYn\":\"N\",\"mainImageTextDisplayYn\":\"Y\",\"franchiseProductYn\":\"N\",\"importYn\":\"N\",\"unitQuantity\":\"\",\"bundleUnitYn\":\"N\",\"exposureType\":\"P\",\"lastWeekMarketPrice\":\"0\",\"markCert5\":\"N\"},\"propertyData\":[],\"showCartButton\":true,\"showMoreButton\":true,\"showDirectPurchaseButton\":false,\"flagContext\":[],\"isKoreanNativeCattle\":false,\"stockAmountText\":\"19\",\"soldOutSoonText\":\"\",\"imageSrc\":\"/m/images/itemImage/2025/04/02/14/18/mo_thumb_productThumbnail_139751_20250402141854.jpg\",\"displayPriceForKg\":\"kg당 16,880원 | 총 20kg\",\"discountPercentText\":\"\",\"originPriceText\":\"\",\"priceText\":\"337,600원\",\"priceUnitTypeText\":\"\",\"morePriceYn\":false,\"isEventPlanRecommend\":false,\"distMainCd\":\"BF03\",\"distWayCd\":\"$undefined\",\"rWhCd\":\"0016\",\"statusName\":\"판매중\",\"keepingName\":\"냉동\",\"procName\":\"세절\u0026분쇄\",\"packName\":\"열성형진공포장\"},{\"productSeq\":399379,\"itemSeq\":0,\"itemOptionSeq\":0,\"productName\":\"[업소용/돌돌이] 앞다리/전각2mm - 호주 | 킬코이 - GF\",\"sellMemberSeq\":139751,\"statusCd\":\"AC02\",\"itemKindCd\":\"A000\",\"itemKindName\":\"수입소\",\"monthAge\":0,\"markCert1Yn\":\"Y\",\"markCert2Yn\":\"N\",\"markCert3Yn\":\"N\",\"markCert5Yn\":\"N\",\"largePurchaseGbn\":\"N\",\"bundleDeliveryYn\":\"N\",\"jejuAreaYn\":\"N\",\"presentYn\":\"N\",\"unitYn\":\"N\",\"customizedCuttingYn\":\"N\",\"reviewStarPoint\":3,\"reviewCnt\":2,\"reviewPhotoCnt\":0,\"eventMsg\":\"구이용/샤브샤브용 10kg(2.5kg*4ea)\",\"deliveryTypeCd\":\"DTP01\",\"deliveryType\":\"신선배송\",\"procDate\":\"$undefined\",\"mainDisplayCategorySeq\":0,\"mainCategoryPath\":\"$undefined\",\"subDisplayCategorySeq\":\"$undefined\",\"subCategoryPath\":\"$undefined\",\"stockAmount\":31,\"procYn\":\"N\",\"whCd\":\"0016\",\"displayKg\":10,\"baseBoxCnt\":1,\"sellStartDate\":\"2025-03-31\",\"sellEndDate\":\"2099-12-31\",\"minPrice\":14180,\"itemCnt\":1,\"diffItemPriceCnt\":1,\"existIncoming\":false,\"expectIncomingDueDate\":\"$undefined\",\"purposeSeq\":[],\"purpose\":[],\"meatMartYn\":\"N\",\"cuttingCd\":\"CU02\",\"thicknessCd\":\"TN02\",\"thickness\":2,\"cuttingSpecCd\":\"$undefined\",\"cuttingSpec\":\"$undefined\",\"totalDisplayKgText\":\"10kg\",\"etcDisplayPriceText\":\"\",\"priceDisplayKg\":10,\"reviewStarPercent\":30,\"brandCd\":\"C052\",\"brandName\":\"킬코이\",\"keepingCd\":\"F002\",\"itemCatCd\":\"98\",\"itemCatName\":\"앞다리/전각\",\"procCd\":\"P002\",\"originCd\":\"E003\",\"originName\":\"호주\",\"gradeCd\":\"D022\",\"gradeName\":\"GF\",\"packCd\":\"N013\",\"productTypeCd\":\"RS02\",\"priceUnitTypeCd\":\"UA01\",\"productOption\":{\"guideImage\":\"GI001\",\"sampleApplyYn\":\"N\",\"desiredYn\":\"N\",\"mainImageTextDisplayYn\":\"Y\",\"franchiseProductYn\":\"N\",\"importYn\":\"N\",\"unitQuantity\":\"\",\"bundleUnitYn\":\"N\",\"exposureType\":\"P\",\"lastWeekMarketPrice\":\"0\"},\"propertyData\":[],\"showCartButton\":true,\"showMoreButton\":true,\"showDirectPurchaseButton\":false,\"flagContext\":[],\"isKoreanNativeCattle\":false,\"stockAmountText\":\"31\",\"soldOutSoonText\":\"\",\"imageSrc\":\"/m/images/itemImage/2025/04/01/10/38/mo_thumb_productThumbnail_139751_20250401103819.jpg\",\"displayPriceForKg\":\"kg당 14,180원 | 총 10kg\",\"discountPercentText\":\"\",\"originPriceText\":\"\",\"priceText\":\"141,800원\",\"priceUnitTypeText\":\"\",\"morePriceYn\":false,\"isEventPlanRecommend\":false,\"distMainCd\":\"BF03\",\"distWayCd\":\"$undefined\",\"rWhCd\":\"0016\",\"statusName\":\"판매중\",\"keepingName\":\"냉동\",\"procName\":\"세절\u0026분쇄\",\"packName\":\"실링포장\"},{\"productSeq\":398940,\"itemSeq\":0,\"itemOptionSeq\":0,\"productName\":\"[슬라이스] 부채살15mm - 호주 | 그린마운틴 - S\",\"sellMemberSeq\":139751,\"statusCd\":\"AC02\",\"itemKindCd\":\"A000\",\"itemKindName\":\"수입소\",\"monthAge\":0,\"markCert1Yn\":\"Y\",\"markCert2Yn\":\"N\",\"markCert3Yn\":\"N\",\"markCert5Yn\":\"N\",\"largePurchaseGbn\":\"N\",\"bundleDeliveryYn\":\"N\",\"jejuAreaYn\":\"N\",\"presentYn\":\"N\",\"unitYn\":\"N\",\"customizedCuttingYn\":\"N\",\"reviewStarPoint\":0,\"reviewCnt\":0,\"reviewPhotoCnt\":0,\"eventMsg\":\"구이용 스테이크용 20kg(1kg*20ea)\",\"deliveryTypeCd\":\"DTP01\",\"deliveryType\":\"신선배송\",\"procDate\":\"$undefined\",\"mainDisplayCategorySeq\":0,\"mainCategoryPath\":\"$undefined\",\"subDisplayCategorySeq\":\"$undefined\",\"subCategoryPath\":\"$undefined\",\"stockAmount\":23,\"procYn\":\"N\",\"whCd\":\"0016\",\"displayKg\":20,\"baseBoxCnt\":1,\"sellStartDate\":\"2025-03-27\",\"sellEndDate\":\"2099-12-31\",\"minPrice\":18120,\"itemCnt\":1,\"diffItemPriceCnt\":1,\"existIncoming\":false,\"expectIncomingDueDate\":\"$undefined\",\"purposeSeq\":[],\"purpose\":[],\"meatMartYn\":\"N\",\"cuttingCd\":\"CU03\",\"thicknessCd\":\"TN23\",\"thickness\":15,\"cuttingSpecCd\":\"$undefined\",\"cuttingSpec\":\"$undefined\",\"totalDisplayKgText\":\"20kg\",\"etcDisplayPriceText\":\"\",\"priceDisplayKg\":20,\"reviewStarPercent\":0,\"brandCd\":\"C456\",\"brandName\":\"그린마운틴\",\"keepingCd\":\"F002\",\"itemCatCd\":\"30\",\"itemCatName\":\"부채살\",\"procCd\":\"P002\",\"originCd\":\"E003\",\"originName\":\"호주\",\"gradeCd\":\"D019\",\"gradeName\":\"S\",\"packCd\":\"N019\",\"productTypeCd\":\"RS02\",\"priceUnitTypeCd\":\"UA01\",\"productOption\":{\"guideImage\":\"GI001\",\"sampleApplyYn\":\"N\",\"desiredYn\":\"N\",\"mainImageTextDisplayYn\":\"Y\",\"franchiseProductYn\":\"N\",\"importYn\":\"N\",\"unitQuantity\":\"\",\"bundleUnitYn\":\"N\",\"exposureType\":\"P\",\"lastWeekMarketPrice\":\"0\",\"markCert5\":\"N\"},\"propertyData\":[],\"showCartButton\":true,\"showMoreButton\":true,\"showDirectPurchaseButton\":false,\"flagContext\":[],\"isKoreanNativeCattle\":false,\"stockAmountText\":\"23\",\"soldOutSoonText\":\"\",\"imageSrc\":\"/m/images/itemImage/2025/03/28/15/54/mo_thumb_productThumbnail_139751_20250328155423.jpg\",\"displayPriceForKg\":\"kg당 18,120원 | 총 20kg\",\"discountPercentText\":\"\",\"originPriceText\":\"\",\"priceText\":\"362,400원\",\"priceUnitTypeText\":\"\",\"morePriceYn\":false,\"isEventPlanRecommend\":false,\"distMainCd\":\"BF03\",\"distWayCd\":\"$undefined\",\"rWhCd\":\"0016\",\"statusName\":\"판매중\",\"keepingName\":\"냉동\",\"procName\":\"세절\u0026분쇄\",\"packName\":\"열성형진공포장\"},{\"productSeq\":398907,\"itemSeq\":0,\"itemOptionSeq\":0,\"productName\":\"[슬라이스] 부채살15mm - 호주 | 그린마운틴 - S\",\"sellMemberSeq\":139751,\"statusCd\":\"AC02\",\"itemKindCd\":\"A000\",\"itemKindName\":\"수입소\",\"monthAge\":0,\"markCert1Yn\":\"Y\",\"markCert2Yn\":\"N\",\"markCert3Yn\":\"N\",\"markCert5Yn\":\"N\",\"largePurchaseGbn\":\"N\",\"bundleDeliveryYn\":\"N\",\"jejuAreaYn\":\"N\",\"presentYn\":\"Y\",\"unitYn\":\"N\",\"customizedCuttingYn\":\"N\",\"reviewStarPoint\":3,\"reviewCnt\":2,\"reviewPhotoCnt\":1,\"eventMsg\":\"구이용 10kg(1kg*10ea)\",\"deliveryTypeCd\":\"DTP04\",\"deliveryType\":\"택배\",\"procDate\":\"$undefined\",\"mainDisplayCategorySeq\":0,\"mainCategoryPath\":\"$undefined\",\"subDisplayCategorySeq\":\"$undefined\",\"subCategoryPath\":\"$undefined\",\"stockAmount\":6,\"procYn\":\"N\",\"whCd\":\"9999\",\"displayKg\":10,\"baseBoxCnt\":1,\"sellStartDate\":\"2025-03-27\",\"sellEndDate\":\"2099-12-31\",\"minPrice\":18390,\"itemCnt\":1,\"diffItemPriceCnt\":1,\"existIncoming\":false,\"expectIncomingDueDate\":\"$undefined\",\"purposeSeq\":[],\"purpose\":[],\"meatMartYn\":\"N\",\"cuttingCd\":\"CU03\",\"thicknessCd\":\"TN23\",\"thickness\":15,\"cuttingSpecCd\":\"$undefined\",\"cuttingSpec\":\"$undefined\",\"totalDisplayKgText\":\"10kg\",\"etcDisplayPriceText\":\"\",\"priceDisplayKg\":10,\"reviewStarPercent\":30,\"brandCd\":\"C456\",\"brandName\":\"그린마운틴\",\"keepingCd\":\"F002\",\"itemCatCd\":\"30\",\"itemCatName\":\"부채살\",\"procCd\":\"P002\",\"originCd\":\"E003\",\"originName\":\"호주\",\"gradeCd\":\"D019\",\"gradeName\":\"S\",\"packCd\":\"N019\",\"productTypeCd\":\"RS02\",\"priceUnitTypeCd\":\"UA01\",\"productOption\":{\"guideImage\":\"GI001\",\"sampleApplyYn\":\"N\",\"desiredYn\":\"N\",\"mainImageTextDisplayYn\":\"Y\",\"franchiseProductYn\":\"N\",\"importYn\":\"N\",\"unitQuantity\":\"\",\"bundleUnitYn\":\"N\",\"exposureType\":\"P\",\"lastWeekMarketPrice\":\"0\",\"markCert5\":\"N\"},\"propertyData\":[],\"showCartButton\":true,\"showMoreButton\":true,\"showDirectPurchaseButton\":false,\"flagContext\":[],\"isKoreanNativeCattle\":false,\"stockAmountText\":\"6\",\"soldOutSoonText\":\"\",\"imageSrc\":\"/m/images/itemImage/2025/03/28/15/53/mo_thumb_productThumbnail_139751_20250328155335.jpg\",\"displayPriceForKg\":\"kg당 18,390원 | 총 10kg\",\"discountPercentText\":\"\",\"originPriceText\":\"\",\"priceText\":\"183,900원\",\"priceUnitTypeText\":\"\",\"morePriceYn\":false,\"isEventPlanRecommend\":false,\"distMainCd\":\"BF02\",\"distWayCd\":\"BG02\",\"rWhCd\":\"9999\",\"statusName\":\"판매중\",\"keepingName\":\"냉동\",\"procName\":\"세절\u0026분쇄\",\"packName\":\"열성형진공포장\"},{\"productSeq\":398895,\"itemSeq\":0,\"itemOptionSeq\":0,\"productName\":\"[큐브] 앞다리/전각20mm - 호주 | 킬코이 - GF\",\"sellMemberSeq\":139751,\"statusCd\":\"AC02\",\"itemKindCd\":\"A000\",\"itemKindName\":\"수입소\",\"monthAge\":0,\"markCert1Yn\":\"Y\",\"markCert2Yn\":\"N\",\"markCert3Yn\":\"N\",\"markCert5Yn\":\"N\",\"largePurchaseGbn\":\"N\",\"bundleDeliveryYn\":\"N\",\"jejuAreaYn\":\"N\",\"presentYn\":\"Y\",\"unitYn\":\"N\",\"customizedCuttingYn\":\"N\",\"reviewStarPoint\":0,\"reviewCnt\":0,\"reviewPhotoCnt\":0,\"eventMsg\":\"찹스테이크용 구이용 1kg\",\"deliveryTypeCd\":\"DTP04\",\"deliveryType\":\"택배\",\"procDate\":\"$undefined\",\"mainDisplayCategorySeq\":0,\"mainCategoryPath\":\"$undefined\",\"subDisplayCategorySeq\":\"$undefined\",\"subCategoryPath\":\"$undefined\",\"stockAmount\":12,\"procYn\":\"N\",\"whCd\":\"9999\",\"displayKg\":1,\"baseBoxCnt\":1,\"sellStartDate\":\"2025-03-27\",\"sellEndDate\":\"2099-12-31\",\"minPrice\":17420,\"itemCnt\":1,\"diffItemPriceCnt\":1,\"existIncoming\":false,\"expectIncomingDueDate\":\"$undefined\",\"purposeSeq\":[],\"purpose\":[],\"meatMartYn\":\"N\",\"cuttingCd\":\"CU10\",\"thicknessCd\":\"TN28\",\"thickness\":20,\"cuttingSpecCd\":\"$undefined\",\"cuttingSpec\":\"$undefined\",\"totalDisplayKgText\":\"1,000g\",\"etcDisplayPriceText\":\"\",\"priceDisplayKg\":1,\"reviewStarPercent\":0,\"brandCd\":\"C052\",\"brandName\":\"킬코이\",\"keepingCd\":\"F002\",\"itemCatCd\":\"98\",\"itemCatName\":\"앞다리/전각\",\"procCd\":\"P002\",\"originCd\":\"E003\",\"originName\":\"호주\",\"gradeCd\":\"D022\",\"gradeName\":\"GF\",\"packCd\":\"N019\",\"productTypeCd\":\"RS02\",\"priceUnitTypeCd\":\"UA01\",\"productOption\":{\"guideImage\":\"GI001\",\"sampleApplyYn\":\"N\",\"desiredYn\":\"N\",\"mainImageTextDisplayYn\":\"Y\",\"franchiseProductYn\":\"N\",\"importYn\":\"N\",\"unitQuantity\":\"\",\"bundleUnitYn\":\"N\",\"exposureType\":\"P\",\"lastWeekMarketPrice\":\"0\",\"markCert5\":\"N\"},\"propertyData\":[],\"showCartButton\":true,\"showMoreButton\":true,\"showDirectPurchaseButton\":false,\"flagContext\":[],\"isKoreanNativeCattle\":false,\"stockAmountText\":\"12\",\"soldOutSoonText\":\"\",\"imageSrc\":\"/m/images/itemImage/2025/03/27/15/10/mo_thumb_productThumbnail_139751_20250327151042.jpg\",\"displayPriceForKg\":\"100g당 1,742원 | 총 1,000g\",\"discountPercentText\":\"\",\"originPriceText\":\"\",\"priceText\":\"17,420원\",\"priceUnitTypeText\":\"\",\"morePriceYn\":false,\"isEventPlanRecommend\":false,\"distMainCd\":\"BF02\",\"distWayCd\":\"BG02\",\"rWhCd\":\"9999\",\"statusName\":\"판매중\",\"keepingName\":\"냉동\",\"procName\":\"세절\u0026분쇄\",\"packName\":\"열성형진공포장\"},{\"productSeq\":398892,\"itemSeq\":0,\"itemOptionSeq\":0,\"productName\":\"[큐브] 앞다리/전각20mm - 호주 | 킬코이 - GF\",\"sellMemberSeq\":139751,\"statusCd\":\"AC02\",\"itemKindCd\":\"A000\",\"itemKindName\":\"수입소\",\"monthAge\":0,\"markCert1Yn\":\"Y\",\"markCert2Yn\":\"N\",\"markCert3Yn\":\"N\",\"markCert5Yn\":\"N\",\"largePurchaseGbn\":\"N\",\"bundleDeliveryYn\":\"N\",\"jejuAreaYn\":\"N\",\"presentYn\":\"Y\",\"unitYn\":\"N\",\"customizedCuttingYn\":\"N\",\"reviewStarPoint\":0,\"reviewCnt\":0,\"reviewPhotoCnt\":0,\"eventMsg\":\"찹스테이크용 구이용 6kg(1kg*6ea)\",\"deliveryTypeCd\":\"DTP04\",\"deliveryType\":\"택배\",\"procDate\":\"$undefined\",\"mainDisplayCategorySeq\":0,\"mainCategoryPath\":\"$undefined\",\"subDisplayCategorySeq\":\"$undefined\",\"subCategoryPath\":\"$undefined\",\"stockAmount\":10,\"procYn\":\"N\",\"whCd\":\"9999\",\"displayKg\":6,\"baseBoxCnt\":1,\"sellStartDate\":\"2025-03-27\",\"sellEndDate\":\"2099-12-31\",\"minPrice\":13940,\"itemCnt\":1,\"diffItemPriceCnt\":1,\"existIncoming\":false,\"expectIncomingDueDate\":\"$undefined\",\"purposeSeq\":[],\"purpose\":[],\"meatMartYn\":\"N\",\"cuttingCd\":\"CU10\",\"thicknessCd\":\"TN28\",\"thickness\":20,\"cuttingSpecCd\":\"\",\"cuttingSpec\":\"$undefined\",\"totalDisplayKgText\":\"6kg\",\"etcDisplayPriceText\":\"\",\"priceDisplayKg\":6,\"reviewStarPercent\":0,\"brandCd\":\"C052\",\"brandName\":\"킬코이\",\"keepingCd\":\"F002\",\"itemCatCd\":\"98\",\"itemCatName\":\"앞다리/전각\",\"procCd\":\"P002\",\"originCd\":\"E003\",\"originName\":\"호주\",\"gradeCd\":\"D022\",\"gradeName\":\"GF\",\"packCd\":\"N019\",\"productTypeCd\":\"RS02\",\"priceUnitTypeCd\":\"UA01\",\"productOption\":{\"guideImage\":\"GI001\",\"sampleApplyYn\":\"N\",\"desiredYn\":\"N\",\"mainImageTextDisplayYn\":\"Y\",\"franchiseProductYn\":\"N\",\"importYn\":\"N\",\"unitQuantity\":\"\",\"bundleUnitYn\":\"N\",\"exposureType\":\"P\",\"lastWeekMarketPrice\":\"0\",\"markCert5\":\"N\"},\"propertyData\":[],\"showCartButton\":true,\"showMoreButton\":true,\"showDirectPurchaseButton\":false,\"flagContext\":[],\"isKoreanNativeCattle\":false,\"stockAmountText\":\"10\",\"soldOutSoonText\":\"\",\"imageSrc\":\"/m/images/itemImage/2025/03/27/15/10/mo_thumb_productThumbnail_139751_20250327151004.jpg\",\"displayPriceForKg\":\"kg당 13,940원 | 총 6kg\",\"discountPercentText\":\"\",\"originPriceText\":\"\",\"priceText\":\"83,640원\",\"priceUnitTypeText\":\"\",\"morePriceYn\":false,\"isEventPlanRecommend\":false,\"distMainCd\":\"BF02\",\"distWayCd\":\"BG02\",\"rWhCd\":\"9999\",\"statusName\":\"판매중\",\"keepingName\":\"냉동\",\"procName\":\"세절\u0026분쇄\",\"packName\":\"열성형진공포장\"},{\"productSeq\":398888,\"itemSeq\":0,\"itemOptionSeq\":0,\"productName\":\"[큐브] 앞다리/전각20mm - 호주 | 킬코이 - GF\",\"sellMemberSeq\":139751,\"statusCd\":\"AC02\",\"itemKindCd\":\"A000\",\"itemKindName\":\"수입소\",\"monthAge\":0,\"markCert1Yn\":\"Y\",\"markCert2Yn\":\"N\",\"markCert3Yn\":\"N\",\"markCert5Yn\":\"N\",\"largePurchaseGbn\":\"N\",\"bundleDeliveryYn\":\"N\",\"jejuAreaYn\":\"N\",\"presentYn\":\"Y\",\"unitYn\":\"N\",\"customizedCuttingYn\":\"N\",\"reviewStarPoint\":5,\"reviewCnt\":1,\"reviewPhotoCnt\":0,\"eventMsg\":\"찹스테이크용 구이용 3kg(1kg*3ea)\",\"deliveryTypeCd\":\"DTP04\",\"deliveryType\":\"택배\",\"procDate\":\"$undefined\",\"mainDisplayCategorySeq\":0,\"mainCategoryPath\":\"$undefined\",\"subDisplayCategorySeq\":\"$undefined\",\"subCategoryPath\":\"$undefined\",\"stockAmount\":19,\"procYn\":\"N\",\"whCd\":\"9999\",\"displayKg\":3,\"baseBoxCnt\":1,\"sellStartDate\":\"2025-03-27\",\"sellEndDate\":\"2099-12-31\",\"minPrice\":14490,\"itemCnt\":1,\"diffItemPriceCnt\":1,\"existIncoming\":false,\"expectIncomingDueDate\":\"$undefined\",\"purposeSeq\":[],\"purpose\":[],\"meatMartYn\":\"N\",\"cuttingCd\":\"CU10\",\"thicknessCd\":\"TN28\",\"thickness\":20,\"cuttingSpecCd\":\"\",\"cuttingSpec\":\"$undefined\",\"totalDisplayKgText\":\"3,000g\",\"etcDisplayPriceText\":\"\",\"priceDisplayKg\":3,\"reviewStarPercent\":100,\"brandCd\":\"C052\",\"brandName\":\"킬코이\",\"keepingCd\":\"F002\",\"itemCatCd\":\"98\",\"itemCatName\":\"앞다리/전각\",\"procCd\":\"P002\",\"originCd\":\"E003\",\"originName\":\"호주\",\"gradeCd\":\"D022\",\"gradeName\":\"GF\",\"packCd\":\"N019\",\"productTypeCd\":\"RS02\",\"priceUnitTypeCd\":\"UA01\",\"productOption\":{\"guideImage\":\"GI001\",\"sampleApplyYn\":\"N\",\"desiredYn\":\"N\",\"mainImageTextDisplayYn\":\"Y\",\"franchiseProductYn\":\"N\",\"importYn\":\"N\",\"unitQuantity\":\"\",\"bundleUnitYn\":\"N\",\"exposureType\":\"P\",\"lastWeekMarketPrice\":\"0\",\"markCert5\":\"N\"},\"propertyData\":[],\"showCartButton\":true,\"showMoreButton\":true,\"showDirectPurchaseButton\":false,\"flagContext\":[],\"isKoreanNativeCattle\":false,\"stockAmountText\":\"19\",\"soldOutSoonText\":\"\",\"imageSrc\":\"/m/images/itemImage/2025/03/27/15/09/mo_thumb_productThumbnail_139751_20250327150926.jpg\",\"displayPriceForKg\":\"100g당 1,449원 | 총 3,000g\",\"discountPercentText\":\"\",\"originPriceText\":\"\",\"priceText\":\"43,470원\",\"priceUnitTypeText\":\"\",\"morePriceYn\":false,\"isEventPlanRecommend\":false,\"distMainCd\":\"BF02\",\"distWayCd\":\"BG02\",\"rWhCd\":\"9999\",\"statusName\":\"판매중\",\"keepingName\":\"냉동\",\"procName\":\"세절\u0026분쇄\",\"packName\":\"열성형진공포장\"},{\"productSeq\":398508,\"itemSeq\":0,\"itemOptionSeq\":0,\"productName\":\"[절단]앞다리/전각4mm - 호주 | 킬코이 - GF\",\"sellMemberSeq\":139751,\"statusCd\":\"AC02\",\"itemKindCd\":\"A000\",\"itemKindName\":\"수입소\",\"monthAge\":0,\"markCert1Yn\":\"Y\",\"markCert2Yn\":\"N\",\"markCert3Yn\":\"N\",\"markCert5Yn\":\"N\",\"largePurchaseGbn\":\"N\",\"bundleDeliveryYn\":\"N\",\"jejuAreaYn\":\"N\",\"presentYn\":\"Y\",\"unitYn\":\"N\",\"customizedCuttingYn\":\"N\",\"reviewStarPoint\":5,\"reviewCnt\":1,\"reviewPhotoCnt\":0,\"eventMsg\":\"국거리용 3cm*3cm 3kg(1kg*3ea)\",\"deliveryTypeCd\":\"DTP04\",\"deliveryType\":\"택배\",\"procDate\":\"$undefined\",\"mainDisplayCategorySeq\":0,\"mainCategoryPath\":\"$undefined\",\"subDisplayCategorySeq\":\"$undefined\",\"subCategoryPath\":\"$undefined\",\"stockAmount\":10,\"procYn\":\"N\",\"whCd\":\"9999\",\"displayKg\":3,\"baseBoxCnt\":1,\"sellStartDate\":\"2025-03-25\",\"sellEndDate\":\"2099-12-31\",\"minPrice\":15140,\"itemCnt\":1,\"diffItemPriceCnt\":1,\"existIncoming\":false,\"expectIncomingDueDate\":\"$undefined\",\"purposeSeq\":[],\"purpose\":[],\"meatMartYn\":\"N\",\"cuttingCd\":\"CU04\",\"thicknessCd\":\"TN06\",\"thickness\":4,\"cuttingSpecCd\":\"\",\"cuttingSpec\":\"$undefined\",\"totalDisplayKgText\":\"3,000g\",\"etcDisplayPriceText\":\"\",\"priceDisplayKg\":3,\"reviewStarPercent\":100,\"brandCd\":\"C052\",\"brandName\":\"킬코이\",\"keepingCd\":\"F002\",\"itemCatCd\":\"98\",\"itemCatName\":\"앞다리/전각\",\"procCd\":\"P002\",\"originCd\":\"E003\",\"originName\":\"호주\",\"gradeCd\":\"D022\",\"gradeName\":\"GF\",\"packCd\":\"N019\",\"productTypeCd\":\"RS02\",\"priceUnitTypeCd\":\"UA01\",\"productOption\":{\"guideImage\":\"GI001\",\"sampleApplyYn\":\"N\",\"desiredYn\":\"N\",\"mainImageTextDisplayYn\":\"Y\",\"franchiseProductYn\":\"N\",\"importYn\":\"N\",\"unitQuantity\":\"\",\"bundleUnitYn\":\"N\",\"exposureType\":\"P\",\"lastWeekMarketPrice\":\"0\",\"markCert5\":\"N\"},\"propertyData\":[],\"showCartButton\":true,\"showMoreButton\":true,\"showDirectPurchaseButton\":false,\"flagContext\":[],\"isKoreanNativeCattle\":false,\"stockAmountText\":\"10\",\"soldOutSoonText\":\"\",\"imageSrc\":\"/m/images/itemImage/2025/03/27/10/11/mo_thumb_productThumbnail_139751_20250327101136.jpg\",\"displayPriceForKg\":\"100g당 1,514원 | 총 3,000g\",\"discountPercentText\":\"\",\"originPriceText\":\"\",\"priceText\":\"45,420원\",\"priceUnitTypeText\":\"\",\"morePriceYn\":false,\"isEventPlanRecommend\":false,\"distMainCd\":\"BF02\",\"distWayCd\":\"BG02\",\"rWhCd\":\"9999\",\"statusName\":\"판매중\",\"keepingName\":\"냉동\",\"procName\":\"세절\u0026분쇄\",\"packName\":\"열성형진공포장\"},{\"productSeq\":398363,\"itemSeq\":0,\"itemOptionSeq\":0,\"productName\":\"[업소용/큐브] 앞다리/전각20mm - 호주 | 킬코이 - GF\",\"sellMemberSeq\":139751,\"statusCd\":\"AC02\",\"itemKindCd\":\"A000\",\"itemKindName\":\"수입소\",\"monthAge\":0,\"markCert1Yn\":\"Y\",\"markCert2Yn\":\"N\",\"markCert3Yn\":\"N\",\"markCert5Yn\":\"N\",\"largePurchaseGbn\":\"N\",\"bundleDeliveryYn\":\"N\",\"jejuAreaYn\":\"N\",\"presentYn\":\"Y\",\"unitYn\":\"N\",\"customizedCuttingYn\":\"N\",\"reviewStarPoint\":5,\"reviewCnt\":1,\"reviewPhotoCnt\":0,\"eventMsg\":\"찹스테이크용 구이용 10kg(1kg*10ea)\",\"deliveryTypeCd\":\"DTP04\",\"deliveryType\":\"택배\",\"procDate\":\"$undefined\",\"mainDisplayCategorySeq\":0,\"mainCategoryPath\":\"$undefined\",\"subDisplayCategorySeq\":\"$undefined\",\"subCategoryPath\":\"$undefined\",\"stockAmount\":10,\"procYn\":\"N\",\"whCd\":\"9999\",\"displayKg\":10,\"baseBoxCnt\":1,\"sellStartDate\":\"2025-03-25\",\"sellEndDate\":\"2099-12-31\",\"minPrice\":13460,\"itemCnt\":1,\"diffItemPriceCnt\":1,\"existIncoming\":false,\"expectIncomingDueDate\":\"$undefined\",\"purposeSeq\":[],\"purpose\":[],\"meatMartYn\":\"N\",\"cuttingCd\":\"CU10\",\"thicknessCd\":\"TN28\",\"thickness\":20,\"cuttingSpecCd\":\"\",\"cuttingSpec\":\"$undefined\",\"totalDisplayKgText\":\"10kg\",\"etcDisplayPriceText\":\"\",\"priceDisplayKg\":10,\"reviewStarPercent\":100,\"brandCd\":\"C052\",\"brandName\":\"킬코이\",\"keepingCd\":\"F002\",\"itemCatCd\":\"98\",\"itemCatName\":\"앞다리/전각\",\"procCd\":\"P002\",\"originCd\":\"E003\",\"originName\":\"호주\",\"gradeCd\":\"D022\",\"gradeName\":\"GF\",\"packCd\":\"N019\",\"productTypeCd\":\"RS02\",\"priceUnitTypeCd\":\"UA01\",\"productOption\":{\"guideImage\":\"GI001\",\"sampleApplyYn\":\"N\",\"desiredYn\":\"N\",\"mainImageTextDisplayYn\":\"Y\",\"franchiseProductYn\":\"N\",\"importYn\":\"N\",\"unitQuantity\":\"\",\"bundleUnitYn\":\"N\",\"exposureType\":\"P\",\"lastWeekMarketPrice\":\"0\",\"markCert5\":\"N\"},\"propertyData\":[],\"showCartButton\":true,\"showMoreButton\":true,\"showDirectPurchaseButton\":false,\"flagContext\":[],\"isKoreanNativeCattle\":false,\"stockAmountText\":\"10\",\"soldOutSoonText\":\"\",\"imageSrc\":\"/m/images/itemImage/2025/03/25/16/53/mo_thumb_productThumbnail_139751_20250325165355.jpg\",\"displayPriceForKg\":\"kg당 13,460원 | 총 10kg\",\"discountPercentText\":\"\",\"originPriceText\":\"\",\"priceText\":\"134,600원\",\"priceUnitTypeText\":\"\",\"morePriceYn\":false,\"isEventPlanRecommend\":false,\"distMainCd\":\"BF02\",\"distWayCd\":\"BG02\",\"rWhCd\":\"9999\",\"statusName\":\"판매중\",\"keepingName\":\"냉동\",\"procName\":\"세절\u0026분쇄\",\"packName\":\"열성형진공포장\"},{\"productSeq\":398276,\"itemSeq\":0,\"itemOptionSeq\":0,\"productName\":\"[업소용/슬라이스] 삼겹양지2.5mm - 미국 | 엑셀 - 언그레이드\",\"sellMemberSeq\":139751,\"statusCd\":\"AC02\",\"itemKindCd\":\"A000\",\"itemKindName\":\"수입소\",\"monthAge\":0,\"markCert1Yn\":\"Y\",\"markCert2Yn\":\"N\",\"markCert3Yn\":\"N\",\"markCert5Yn\":\"N\",\"largePurchaseGbn\":\"N\",\"bundleDeliveryYn\":\"N\",\"jejuAreaYn\":\"N\",\"presentYn\":\"Y\",\"unitYn\":\"N\",\"customizedCuttingYn\":\"N\",\"reviewStarPoint\":0,\"reviewCnt\":0,\"reviewPhotoCnt\":0,\"eventMsg\":\"구이용/샤브샤브용 10kg(1kg*10ea)\",\"deliveryTypeCd\":\"DTP04\",\"deliveryType\":\"택배\",\"procDate\":\"$undefined\",\"mainDisplayCategorySeq\":0,\"mainCategoryPath\":\"$undefined\",\"subDisplayCategorySeq\":\"$undefined\",\"subCategoryPath\":\"$undefined\",\"stockAmount\":6,\"procYn\":\"N\",\"whCd\":\"9999\",\"displayKg\":10,\"baseBoxCnt\":1,\"sellStartDate\":\"2025-03-25\",\"sellEndDate\":\"2099-12-31\",\"minPrice\":11400,\"itemCnt\":1,\"diffItemPriceCnt\":1,\"existIncoming\":false,\"expectIncomingDueDate\":\"$undefined\",\"purposeSeq\":[],\"purpose\":[],\"meatMartYn\":\"N\",\"cuttingCd\":\"CU03\",\"thicknessCd\":\"TN03\",\"thickness\":2.5,\"cuttingSpecCd\":\"$undefined\",\"cuttingSpec\":\"$undefined\",\"totalDisplayKgText\":\"10kg\",\"etcDisplayPriceText\":\"\",\"priceDisplayKg\":10,\"reviewStarPercent\":0,\"brandCd\":\"C001\",\"brandName\":\"엑셀\",\"keepingCd\":\"F002\",\"itemCatCd\":\"85\",\"itemCatName\":\"삼겹양지\",\"procCd\":\"P002\",\"originCd\":\"E002\",\"originName\":\"미국\",\"gradeCd\":\"D032\",\"gradeName\":\"언그레이드\",\"packCd\":\"N019\",\"productTypeCd\":\"RS02\",\"priceUnitTypeCd\":\"UA01\",\"productOption\":{\"guideImage\":\"GI001\",\"sampleApplyYn\":\"N\",\"desiredYn\":\"N\",\"mainImageTextDisplayYn\":\"Y\",\"franchiseProductYn\":\"N\",\"importYn\":\"N\",\"unitQuantity\":\"\",\"bundleUnitYn\":\"N\",\"exposureType\":\"P\",\"lastWeekMarketPrice\":\"0\",\"markCert5\":\"N\"},\"propertyData\":[],\"showCartButton\":true,\"showMoreButton\":true,\"showDirectPurchaseButton\":false,\"flagContext\":[],\"isKoreanNativeCattle\":false,\"stockAmountText\":\"6\",\"soldOutSoonText\":\"\",\"imageSrc\":\"/m/images/itemImage/2025/03/27/09/15/mo_thumb_productThumbnail_139751_20250327091557.jpg\",\"displayPriceForKg\":\"kg당 11,400원 | 총 10kg\",\"discountPercentText\":\"\",\"originPriceText\":\"\",\"priceText\":\"114,000원\",\"priceUnitTypeText\":\"\",\"morePriceYn\":false,\"isEventPlanRecommend\":false,\"distMainCd\":\"BF02\",\"distWayCd\":\"BG02\",\"rWhCd\":\"9999\",\"statusName\":\"판매중\",\"keepingName\":\"냉동\",\"procName\":\"세절\u0026분쇄\",\"packName\":\"열성형진공포장\"},{\"productSeq\":396115,\"itemSeq\":0,\"itemOptionSeq\":0,\"productName\":\"[큐브]부채살20mm - 호주 | 킬코이 - GF\",\"sellMemberSeq\":139751,\"statusCd\":\"AC02\",\"itemKindCd\":\"A000\",\"itemKindName\":\"수입소\",\"monthAge\":0,\"markCert1Yn\":\"Y\",\"markCert2Yn\":\"N\",\"markCert3Yn\":\"N\",\"markCert5Yn\":\"N\",\"largePurchaseGbn\":\"N\",\"bundleDeliveryYn\":\"N\",\"jejuAreaYn\":\"N\",\"presentYn\":\"Y\",\"unitYn\":\"N\",\"customizedCuttingYn\":\"N\",\"reviewStarPoint\":4,\"reviewCnt\":2,\"reviewPhotoCnt\":0,\"eventMsg\":\"찹스테이크용 깍뚝썰기 12kg(1kg*12ea) \",\"deliveryTypeCd\":\"DTP04\",\"deliveryType\":\"택배\",\"procDate\":\"$undefined\",\"mainDisplayCategorySeq\":0,\"mainCategoryPath\":\"$undefined\",\"subDisplayCategorySeq\":\"$undefined\",\"subCategoryPath\":\"$undefined\",\"stockAmount\":1,\"procYn\":\"N\",\"whCd\":\"9999\",\"displayKg\":12,\"baseBoxCnt\":1,\"sellStartDate\":\"2025-03-13\",\"sellEndDate\":\"2099-12-31\",\"minPrice\":16780,\"itemCnt\":1,\"diffItemPriceCnt\":1,\"existIncoming\":false,\"expectIncomingDueDate\":\"$undefined\",\"purposeSeq\":[],\"purpose\":[],\"meatMartYn\":\"N\",\"cuttingCd\":\"CU10\",\"thicknessCd\":\"TN28\",\"thickness\":20,\"cuttingSpecCd\":\"\",\"cuttingSpec\":\"$undefined\",\"totalDisplayKgText\":\"12kg\",\"etcDisplayPriceText\":\"\",\"priceDisplayKg\":12,\"reviewStarPercent\":40,\"brandCd\":\"C052\",\"brandName\":\"킬코이\",\"keepingCd\":\"F002\",\"itemCatCd\":\"30\",\"itemCatName\":\"부채살\",\"procCd\":\"P002\",\"originCd\":\"E003\",\"originName\":\"호주\",\"gradeCd\":\"D022\",\"gradeName\":\"GF\",\"packCd\":\"N019\",\"productTypeCd\":\"RS02\",\"priceUnitTypeCd\":\"UA01\",\"productOption\":{\"guideImage\":\"GI001\",\"sampleApplyYn\":\"N\",\"desiredYn\":\"N\",\"mainImageTextDisplayYn\":\"Y\",\"franchiseProductYn\":\"N\",\"importYn\":\"N\",\"unitQuantity\":\"\",\"bundleUnitYn\":\"N\",\"exposureType\":\"P\",\"lastWeekMarketPrice\":\"0\",\"markCert5\":\"N\"},\"propertyData\":[],\"showCartButton\":true,\"showMoreButton\":true,\"showDirectPurchaseButton\":false,\"flagContext\":[],\"isKoreanNativeCattle\":false,\"stockAmountText\":\"1\",\"soldOutSoonText\":\"1 곧 품절 예정\",\"imageSrc\":\"/m/images/itemImage/2025/03/14/10/29/mo_thumb_productThumbnail_139751_20250314102947.jpg\",\"displayPriceForKg\":\"kg당 16,780원 | 총 12kg\",\"discountPercentText\":\"\",\"originPriceText\":\"\",\"priceText\":\"201,360원\",\"priceUnitTypeText\":\"\",\"morePriceYn\":false,\"isEventPlanRecommend\":false,\"distMainCd\":\"BF02\",\"distWayCd\":\"BG02\",\"rWhCd\":\"9999\",\"statusName\":\"판매중\",\"keepingName\":\"냉동\",\"procName\":\"세절\u0026분쇄\",\"packName\":\"열성형진공포장\"},{\"productSeq\":395403,\"itemSeq\":0,\"itemOptionSeq\":0,\"productName\":\"[업소용/돌돌이] 앞다리/전각1.5mm - 호주 | 킬코이 - GF\",\"sellMemberSeq\":139751,\"statusCd\":\"AC02\",\"itemKindCd\":\"A000\",\"itemKindName\":\"수입소\",\"monthAge\":0,\"markCert1Yn\":\"Y\",\"markCert2Yn\":\"N\",\"markCert3Yn\":\"N\",\"markCert5Yn\":\"N\",\"largePurchaseGbn\":\"N\",\"bundleDeliveryYn\":\"N\",\"jejuAreaYn\":\"N\",\"presentYn\":\"N\",\"unitYn\":\"N\",\"customizedCuttingYn\":\"N\",\"reviewStarPoint\":3.4,\"reviewCnt\":7,\"reviewPhotoCnt\":3,\"eventMsg\":\"불고기,샤브샤브용 10kg(2.5kg*4ea)\",\"deliveryTypeCd\":\"DTP01\",\"deliveryType\":\"신선배송\",\"procDate\":\"$undefined\",\"mainDisplayCategorySeq\":0,\"mainCategoryPath\":\"$undefined\",\"subDisplayCategorySeq\":\"$undefined\",\"subCategoryPath\":\"$undefined\",\"stockAmount\":31,\"procYn\":\"N\",\"whCd\":\"0016\",\"displayKg\":10,\"baseBoxCnt\":1,\"sellStartDate\":\"2025-03-11\",\"sellEndDate\":\"2099-12-31\",\"minPrice\":14180,\"itemCnt\":1,\"diffItemPriceCnt\":1,\"existIncoming\":false,\"expectIncomingDueDate\":\"$undefined\",\"purposeSeq\":[],\"purpose\":[],\"meatMartYn\":\"N\",\"cuttingCd\":\"CU02\",\"thicknessCd\":\"TN01\",\"thickness\":1.5,\"cuttingSpecCd\":\"$undefined\",\"cuttingSpec\":\"$undefined\",\"totalDisplayKgText\":\"10kg\",\"etcDisplayPriceText\":\"\",\"priceDisplayKg\":10,\"reviewStarPercent\":9.7,\"brandCd\":\"C052\",\"brandName\":\"킬코이\",\"keepingCd\":\"F002\",\"itemCatCd\":\"98\",\"itemCatName\":\"앞다리/전각\",\"procCd\":\"P002\",\"originCd\":\"E003\",\"originName\":\"호주\",\"gradeCd\":\"D022\",\"gradeName\":\"GF\",\"packCd\":\"N013\",\"productTypeCd\":\"RS02\",\"priceUnitTypeCd\":\"UA01\",\"productOption\":{\"guideImage\":\"GI001\",\"sampleApplyYn\":\"N\",\"desiredYn\":\"N\",\"mainImageTextDisplayYn\":\"Y\",\"franchiseProductYn\":\"N\",\"importYn\":\"N\",\"unitQuantity\":\"\",\"bundleUnitYn\":\"N\",\"exposureType\":\"P\",\"lastWeekMarketPrice\":\"0\",\"markCert5\":\"N\"},\"propertyData\":[],\"showCartButton\":true,\"showMoreButton\":true,\"showDirectPurchaseButton\":false,\"flagContext\":[],\"isKoreanNativeCattle\":false,\"stockAmountText\":\"31\",\"soldOutSoonText\":\"\",\"imageSrc\":\"/m/images/itemImage/2025/03/13/12/16/mo_thumb_productThumbnail_139751_20250313121602.jpg\",\"displayPriceForKg\":\"kg당 14,180원 | 총 10kg\",\"discountPercentText\":\"\",\"originPriceText\":\"\",\"priceText\":\"141,800원\",\"priceUnitTypeText\":\"\",\"morePriceYn\":false,\"isEventPlanRecommend\":false,\"distMainCd\":\"BF03\",\"distWayCd\":\"$undefined\",\"rWhCd\":\"0016\",\"statusName\":\"판매중\",\"keepingName\":\"냉동\",\"procName\":\"세절\u0026분쇄\",\"packName\":\"실링포장\"},{\"productSeq\":393264,\"itemSeq\":0,\"itemOptionSeq\":0,\"productName\":\"[업소용/돌돌이] 삼겹양지2mm - 미국 | 엑셀 - 언그레이드\",\"sellMemberSeq\":139751,\"statusCd\":\"AC02\",\"itemKindCd\":\"A000\",\"itemKindName\":\"수입소\",\"monthAge\":0,\"markCert1Yn\":\"Y\",\"markCert2Yn\":\"N\",\"markCert3Yn\":\"N\",\"markCert5Yn\":\"N\",\"largePurchaseGbn\":\"N\",\"bundleDeliveryYn\":\"N\",\"jejuAreaYn\":\"N\",\"presentYn\":\"N\",\"unitYn\":\"N\",\"customizedCuttingYn\":\"N\",\"reviewStarPoint\":4.3,\"reviewCnt\":3,\"reviewPhotoCnt\":2,\"eventMsg\":\"구이용/샤브샤브용 10kg(2.5kg*4ea)\",\"deliveryTypeCd\":\"DTP01\",\"deliveryType\":\"신선배송\",\"procDate\":\"$undefined\",\"mainDisplayCategorySeq\":0,\"mainCategoryPath\":\"$undefined\",\"subDisplayCategorySeq\":\"$undefined\",\"subCategoryPath\":\"$undefined\",\"stockAmount\":48,\"procYn\":\"N\",\"whCd\":\"0016\",\"displayKg\":10,\"baseBoxCnt\":1,\"sellStartDate\":\"2025-02-26\",\"sellEndDate\":\"2099-12-31\",\"minPrice\":10820,\"itemCnt\":1,\"diffItemPriceCnt\":1,\"existIncoming\":false,\"expectIncomingDueDate\":\"$undefined\",\"purposeSeq\":[],\"purpose\":[],\"meatMartYn\":\"N\",\"cuttingCd\":\"CU02\",\"thicknessCd\":\"TN02\",\"thickness\":2,\"cuttingSpecCd\":\"\",\"cuttingSpec\":\"$undefined\",\"totalDisplayKgText\":\"10kg\",\"etcDisplayPriceText\":\"\",\"priceDisplayKg\":10,\"reviewStarPercent\":28.7,\"brandCd\":\"C001\",\"brandName\":\"엑셀\",\"keepingCd\":\"F002\",\"itemCatCd\":\"85\",\"itemCatName\":\"삼겹양지\",\"procCd\":\"P002\",\"originCd\":\"E002\",\"originName\":\"미국\",\"gradeCd\":\"D032\",\"gradeName\":\"언그레이드\",\"packCd\":\"N013\",\"productTypeCd\":\"RS02\",\"priceUnitTypeCd\":\"UA01\",\"productOption\":{\"guideImage\":\"GI001\",\"sampleApplyYn\":\"N\",\"desiredYn\":\"N\",\"mainImageTextDisplayYn\":\"Y\",\"franchiseProductYn\":\"N\",\"importYn\":\"N\",\"unitQuantity\":\"\",\"bundleUnitYn\":\"N\",\"exposureType\":\"P\",\"lastWeekMarketPrice\":\"0\",\"markCert5\":\"N\"},\"propertyData\":[],\"showCartButton\":true,\"showMoreButton\":true,\"showDirectPurchaseButton\":false,\"flagContext\":[],\"isKoreanNativeCattle\":false,\"stockAmountText\":\"48\",\"soldOutSoonText\":\"\",\"imageSrc\":\"/m/images/itemImage/2025/03/27/17/07/mo_thumb_productThumbnail_139751_20250327170723.jpg\",\"displayPriceForKg\":\"kg당 10,820원 | 총 10kg\",\"discountPercentText\":\"\",\"originPriceText\":\"\",\"priceText\":\"108,200원\",\"priceUnitTypeText\":\"\",\"morePriceYn\":false,\"isEventPlanRecommend\":false,\"distMainCd\":\"BF03\",\"distWayCd\":\"$undefined\",\"rWhCd\":\"0016\",\"statusName\":\"판매중\",\"keepingName\":\"냉동\",\"procName\":\"세절\u0026분쇄\",\"packName\":\"실링포장\"}],\"status\":\"success\",\"pagination\":{\"page\":1,\"size\":40,\"total\":435},\"initialTotal\":435,\"initialLoadingSettled\":true},\"eventPlanCollectionSlice\":{\"status\":\"success\",\"data\":{\"collectionName\":\"세절\",\"collectionSubTitle\":\"\",\"eventPlans\":[{\"eventSeq\":429,\"eventGbnCd\":\"KM01\",\"eventName\":\"소고기 세절육\",\"webMainBannerPath\":\"/web/images/webMainBanner/thumb_webMainBannerImage20250809022043.jpg\",\"mobileMainBannerPath\":\"/web/images/mobileMainBanner/thumb_mobileMainBannerImage20250809022043.jpg\",\"eventDesc\":\"GNB\\r\\n160248\",\"subText\":\"\",\"sortSeq\":1,\"eventTabName\":\"우육\"},{\"eventSeq\":567,\"eventGbnCd\":\"KM01\",\"eventName\":\"돼지고기 세절육\",\"webMainBannerPath\":\"/web/images/webMainBanner/thumb_webMainBannerImage20250809022111.jpg\",\"mobileMainBannerPath\":\"/web/images/mobileMainBanner/thumb_mobileMainBannerImage20250809022111.jpg\",\"eventDesc\":\"\",\"subText\":\"\",\"sortSeq\":2,\"eventTabName\":\"돈육\"},{\"eventSeq\":1065,\"eventGbnCd\":\"KM01\",\"eventName\":\"양/닭 세절육\",\"webMainBannerPath\":\"/web/images/webMainBanner/thumb_webMainBannerImage20250809022135.jpg\",\"mobileMainBannerPath\":\"/web/images/mobileMainBanner/thumb_mobileMainBannerImage20250809022135.jpg\",\"eventDesc\":\"GNB\",\"subText\":\"\",\"sortSeq\":3,\"eventTabName\":\"양·닭\"}]}},\"categoryFilterSlice\":{\"filters\":[{\"count\":435,\"itemCatSeq\":\"$undefined\",\"itemKindCd\":\"$undefined\",\"title\":\"전체\",\"key\":\"allItem-435\"},{\"title\":\"수입소-LA갈비\",\"count\":38,\"key\":\"수입소/357\",\"itemKindCd\":\"A000\",\"itemCatSeq\":357},{\"title\":\"수입소-갈비살/늑간살\",\"count\":2,\"key\":\"수입소/70\",\"itemKindCd\":\"A000\",\"itemCatSeq\":70},{\"title\":\"수입소-갈비살/늑간살(조각)\",\"count\":2,\"key\":\"수입소/244\",\"itemKindCd\":\"A000\",\"itemCatSeq\":244},{\"title\":\"수입소-꼬리\",\"count\":6,\"key\":\"수입소/67\",\"itemKindCd\":\"A000\",\"itemCatSeq\":67},{\"title\":\"수입소-끝목심/넥미트\",\"count\":2,\"key\":\"수입소/516\",\"itemKindCd\":\"A000\",\"itemCatSeq\":516},{\"title\":\"수입소-등갈비/백립\",\"count\":4,\"key\":\"수입소/26\",\"itemKindCd\":\"A000\",\"itemCatSeq\":26},{\"title\":\"수입소-등심추리\",\"count\":3,\"key\":\"수입소/4698\",\"itemKindCd\":\"A000\",\"itemCatSeq\":4698},{\"title\":\"수입소-목뼈\",\"count\":2,\"key\":\"수입소/38\",\"itemKindCd\":\"A000\",\"itemCatSeq\":38},{\"title\":\"수입소-목심\",\"count\":16,\"key\":\"수입소/28\",\"itemKindCd\":\"A000\",\"itemCatSeq\":28},{\"title\":\"수입소-백립(조각백립)\",\"count\":2,\"key\":\"수입소/100\",\"itemKindCd\":\"A000\",\"itemCatSeq\":100},{\"title\":\"수입소-부채살\",\"count\":65,\"key\":\"수입소/30\",\"itemKindCd\":\"A000\",\"itemCatSeq\":30},{\"title\":\"수입소-뽈살\",\"count\":5,\"key\":\"수입소/29\",\"itemKindCd\":\"A000\",\"itemCatSeq\":29},{\"title\":\"수입소-사골\",\"count\":3,\"key\":\"수입소/31\",\"itemKindCd\":\"A000\",\"itemCatSeq\":31},{\"title\":\"수입소-삼겹양지\",\"count\":64,\"key\":\"수입소/85\",\"itemKindCd\":\"A000\",\"itemCatSeq\":85},{\"title\":\"수입소-설깃\",\"count\":10,\"key\":\"수입소/86\",\"itemKindCd\":\"A000\",\"itemCatSeq\":86},{\"title\":\"수입소-설도\",\"count\":8,\"key\":\"수입소/33\",\"itemKindCd\":\"A000\",\"itemCatSeq\":33},{\"title\":\"수입소-알목심\",\"count\":18,\"key\":\"수입소/37\",\"itemKindCd\":\"A000\",\"itemCatSeq\":37},{\"title\":\"수입소-알전각/볼라전각\",\"count\":14,\"key\":\"수입소/99\",\"itemKindCd\":\"A000\",\"itemCatSeq\":99},{\"title\":\"수입소-앞/척갈비\",\"count\":9,\"key\":\"수입소/106\",\"itemKindCd\":\"A000\",\"itemCatSeq\":106},{\"title\":\"수입소-앞다리/전각\",\"count\":22,\"key\":\"수입소/98\",\"itemKindCd\":\"A000\",\"itemCatSeq\":98},{\"title\":\"수입소-양지\",\"count\":2,\"key\":\"수입소/136\",\"itemKindCd\":\"A000\",\"itemCatSeq\":136},{\"title\":\"수입소-양지늑간\",\"count\":4,\"key\":\"수입소/94\",\"itemKindCd\":\"A000\",\"itemCatSeq\":94},{\"title\":\"수입소-양지안창\",\"count\":5,\"key\":\"수입소/537\",\"itemKindCd\":\"A000\",\"itemCatSeq\":537},{\"title\":\"수입소-우둔\",\"count\":3,\"key\":\"수입소/40\",\"itemKindCd\":\"A000\",\"itemCatSeq\":40},{\"title\":\"수입소-우족\",\"count\":1,\"key\":\"수입소/41\",\"itemKindCd\":\"A000\",\"itemCatSeq\":41},{\"title\":\"수입소-일반갈비\",\"count\":1,\"key\":\"수입소/57\",\"itemKindCd\":\"A000\",\"itemCatSeq\":57},{\"title\":\"수입소-잡육\",\"count\":2,\"key\":\"수입소/451\",\"itemKindCd\":\"A000\",\"itemCatSeq\":451},{\"title\":\"수입소-차돌박이\",\"count\":21,\"key\":\"수입소/42\",\"itemKindCd\":\"A000\",\"itemCatSeq\":42},{\"title\":\"수입소-차돌양지\",\"count\":46,\"key\":\"수입소/44\",\"itemKindCd\":\"A000\",\"itemCatSeq\":44},{\"title\":\"수입소-토마호크(뼈등심)\",\"count\":1,\"key\":\"수입소/4042\",\"itemKindCd\":\"A000\",\"itemCatSeq\":4042},{\"title\":\"수입소-토시살\",\"count\":3,\"key\":\"수입소/49\",\"itemKindCd\":\"A000\",\"itemCatSeq\":49},{\"title\":\"수입소-헤드미트\",\"count\":5,\"key\":\"수입소/113\",\"itemKindCd\":\"A000\",\"itemCatSeq\":113},{\"title\":\"수입소-홍두깨\",\"count\":18,\"key\":\"수입소/47\",\"itemKindCd\":\"A000\",\"itemCatSeq\":47},{\"title\":\"수입소-황제늑간\",\"count\":1,\"key\":\"수입소/115\",\"itemKindCd\":\"A000\",\"itemCatSeq\":115},{\"title\":\"한우거세-갈비\",\"count\":1,\"key\":\"한우거세/162\",\"itemKindCd\":\"E000\",\"itemCatSeq\":162},{\"title\":\"한우거세-등심\",\"count\":6,\"key\":\"한우거세/149\",\"itemKindCd\":\"E000\",\"itemCatSeq\":149},{\"title\":\"한우거세-반골(꼬리제외)\",\"count\":1,\"key\":\"한우거세/373\",\"itemKindCd\":\"E000\",\"itemCatSeq\":373},{\"title\":\"한우거세-부채살\",\"count\":1,\"key\":\"한우거세/155\",\"itemKindCd\":\"E000\",\"itemCatSeq\":155},{\"title\":\"한우거세-우족\",\"count\":3,\"key\":\"한우거세/171\",\"itemKindCd\":\"E000\",\"itemCatSeq\":171},{\"title\":\"한우거세-잡뼈\",\"count\":1,\"key\":\"한우거세/172\",\"itemKindCd\":\"E000\",\"itemCatSeq\":172},{\"title\":\"한우거세-지방\",\"count\":1,\"key\":\"한우거세/465\",\"itemKindCd\":\"E000\",\"itemCatSeq\":465},{\"title\":\"한우거세-차돌박이\",\"count\":1,\"key\":\"한우거세/166\",\"itemKindCd\":\"E000\",\"itemCatSeq\":166},{\"title\":\"한우거세-채끝등심\",\"count\":1,\"key\":\"한우거세/151\",\"itemKindCd\":\"E000\",\"itemCatSeq\":151},{\"title\":\"한우거세-특수부위\",\"count\":1,\"key\":\"한우거세/245\",\"itemKindCd\":\"E000\",\"itemCatSeq\":245},{\"title\":\"한우암소-갈비\",\"count\":4,\"key\":\"한우암소/261\",\"itemKindCd\":\"D000\",\"itemCatSeq\":261},{\"title\":\"한우암소-꼬리\",\"count\":1,\"key\":\"한우암소/263\",\"itemKindCd\":\"D000\",\"itemCatSeq\":263},{\"title\":\"한우암소-반골(꼬리제외)\",\"count\":1,\"key\":\"한우암소/398\",\"itemKindCd\":\"D000\",\"itemCatSeq\":398},{\"title\":\"한우암소-사골\",\"count\":1,\"key\":\"한우암소/267\",\"itemKindCd\":\"D000\",\"itemCatSeq\":267},{\"title\":\"한우암소-우족\",\"count\":2,\"key\":\"한우암소/279\",\"itemKindCd\":\"D000\",\"itemCatSeq\":279},{\"title\":\"한우암소-잡뼈\",\"count\":1,\"key\":\"한우암소/280\",\"itemKindCd\":\"D000\",\"itemCatSeq\":280}],\"tabs\":[{\"title\":\"우육\",\"key\":429,\"eventSeq\":429},{\"title\":\"돈육\",\"key\":567,\"eventSeq\":567},{\"title\":\"양·닭\",\"key\":1065,\"eventSeq\":1065}],\"activeCategoryIdx\":0,\"activeEventTabIdx\":0,\"itemCatSeq\":\"$undefined\",\"itemKindCd\":\"$undefined\",\"eventSeq\":429,\"filtersUpdating\":false},\"insearchSlice\":{\"inputField\":\"\",\"committedKeyword\":\"\"},\"sortFilterSlice\":{\"selectedSortKey\":\"score\"}},\"children\":[\"$\",\"$L18\",null,{\"collectionSeq\":\"11\",\"eventSeq\":\"$undefined\"}]}]\n"])</script></body></html>